4754 6208
1042 1035 1088 1115 il

279 1265 400 1335 emese,
423 1273 513 1334 quam
535 1271 625 1334 supra
646 1255 766 1318 modum
787 1255 961 1335 impeditam
982 1255 1110 1336 iudicat,
1133 1257 1347 1320 oonsnlendum
1369 1267 1493 1320 censeat.
1540 1259 1686 1339 Quoniam
1709 1267 1784 1325 enim
1805 1281 1853 1325 ss·

278 1373 378 1448 quitur
397 1371 538 1428 tritum
561 1399 602 1410 -
623 1371 800 1447 proeminet,
830 1385 909 1446 qnae
939 1369 1029 1430 rerba
1058 1371 1224 1431 releruuinr·
1244 1368 1283 1430 ad
1297 1371 1432 1451 frugum,
1453 1387 1519 1430 eam
1540 1373 1711 1436 relationem
1731 1375 1774 1434 ita
1796 1379 1852 1435 im-

278 1481 371 1560 pediri
399 1486 487 1558 putat
513 1483 688 1557 interposito
711 1480 860 1560 fenrndarrr
885 1479 1045 1558 vocabulo,
1077 1487 1110 1540 ot
1133 1480 1215 1541 nullo
1237 1490 1325 1558 pacto
1348 1483 1412 1542 ierri
1434 1486 1535 1558 possit.
1590 1483 1683 1547 Nobis
1704 1485 1741 1547 de
1763 1503 1799 1548 ea
1818 1505 1852 1548 re

278 1609 366 1654 secus
387 1591 522 1661 rideturt
554 1595 665 1669 quippe
692 1599 753 1652 tam
783 1591 858 1653 lovis
888 1599 934 1652 ert
961 1595 992 1651 iu
1014 1589 1071 1654 hoc
1093 1591 1160 1652 loco
1183 1609 1304 1654 sereres
1326 1593 1445 1670 regulae
1468 1593 1504 1655 de
1526 1597 1676 1658 nectendis
1698 1597 1852 1659 vocabulis

278 1704 438 1781 neglectio,
467 1705 614 1762 sententia
641 1706 709 1780 ipsa
739 1704 895 1764 amborum
928 1707 1002 1766 inter
1033 1723 1066 1765 se
1096 1705 1240 1764 rationem
1269 1713 1462 1782 monstrante,
1495 1715 1527 1766 nt
1557 1725 1645 1785 quum
1674 1707 1755 1786 apud
1777 1709 1851 1772 allos

277 1817 433 1892 scriptores
454 1823 517 1874 tum
538 1815 618 1892 apud
641 1813 777 1876 'laelium
800 1825 941 1876 sexcenta
962 1817 1098 1893 exempla
1119 1818 1316 1896 reperiantur,
1348 1833 1422 1894 quae
1444 1823 1540 1897 magia
1570 1837 1588 1880 a
1615 1819 1746 1899 legitima
1775 1833 1852 1884 strn-

277 1935 379 1989 aurae
400 1930 512 1987 ratione
536 1927 683 1988 recedant.
730 1927 879 1988 Potuisset
900 1927 1024 1989 Tacitus
1046 1927 1172 1989 scribare
1193 1931 1306 2004 fragam
1324 1931 1445 2007 potiens,
1460 1929 1626 2009 secundans,
1647 1950 1707 2009 quo
1731 1933 1852 1998 dnutlos

278 2047 440 2100 snoatnrae
456 2037 565 2098 Wexlo
589 2047 649 2098 tarn
672 2039 799 2099 molesta
821 2040 938 2100 sublate
961 2048 1057 2117 asset3
1081 2039 1133 2101 sed
1155 2041 1259 2100 maluit
1278 2043 1382 2118 petrosa
1396 2057 1576 2117 praeponere
1595 2047 1736 2121 genitivo,
1752 2045 1850 2125 secura

277 2151 342 2210 dam
364 2151 526 2227 sublloera,
556 2157 589 2210 ut
611 2153 693 2211 varie
715 2149 772 2210 soll
791 2151 954 2212 Britannici
984 2159 1091 2211 natura
1113 2155 1298 2230 oppositione
1318 2153 1425 2227 pariter
1447 2169 1482 2213 ac
1505 2153 1675 2229 gradatione
1698 2161 1848 2220 emineret.

276 2263 370 2324 ilecto
394 2261 471 2322 euim
495 2262 648 2322 Ernestlns
666 2261 761 2322 uerba
782 2262 832 2322 illa
857 2265 1003 2340 explicat:
1031 2281 1107 2336 „noa
1133 2265 1210 2322 modo
1239 2265 1343 2340 accipit
1371 2261 1481 2324 cultum
1502 2265 1672 2344 Britannia,
1702 2269 1850 2328 sedetiam

276 2377 415 2452 copiosas
438 2375 539 2449 {rugas
561 2373 677 2434 sliest‘l
720 2373 815 2450 Quam
839 2376 1065 2452 explicationem
1089 2391 1177 2451 quum
1200 2379 1349 2453 impugnat
1372 2373 1513 2453 Wexius,
1549 2379 1620 2453 quia
1642 2377 1775 2456 gradatio
1797 2397 1850 2458 per

279 2485 444 2564 asyndeton
462 2487 542 2545 iacta
563 2491 594 2545 in
617 2495 677 2545 tam
700 2487 808 2547 exilem
832 2495 861 2546 ct
881 2491 1010 2547 ieiunam
1033 2491 1228 2548 mansionem
1250 2503 1305 2546 nou
1325 2483 1422 2564 cedat,
1443 2483 1634 2566 Tacitusque,
1658 2494 1683 2550 si
1700 2491 1850 2568 gradatio·

275 2609 347 2658 uem
366 2599 571 2675 quassrvirset,
595 2597 722 2658 scribere
745 2597 877 2660 debuerit
899 2619 940 2657 ac
953 2599 1102 2678 somoriam
1117 2599 1164 2660 vel
1187 2605 1291 2677 atque
1308 2601 1414 2656 rtr'orrr
1428 2596 1593 2676 somoriam:
1615 2602 1762 2678 potuisset
1776 2621 1848 2666 sano

278 2713 320 2770 ite
341 2710 485 2784 scribereq
515 2707 568 2769 sad
594 2727 685 2786 quum
714 2725 775 2770 uon
805 2715 848 2772 ita
870 2713 1003 2790 scripsit,
1035 2719 1114 2773 certe
1145 2727 1241 2788 neque
1266 2707 1408 2783 barbare,
1439 2725 1537 2786 neque
1558 2729 1659 2788 parum
1682 2719 1846 2792 perspicuos

278 2837 377 2899 neque
398 2835 500 2898 parum
522 2829 591 2898 apte
612 2823 738 2898 scripsit.

430 3043 476 3104 lix
498 3041 602 3104 eodem
623 3059 731 3120 genere
752 3044 826 3104 alter
846 3051 893 3104 ast
915 3044 998 3106 locos
1021 3044 1199 3105 eiusdemc
1222 3043 1270 3102 12.
1315 3039 1398 3118 „Neo
1425 3041 1505 3102 aliud
1534 3043 1676 3105 adversos
1699 3041 1847 3107 validissi-

279 3163 471 3233 mas‘geutes
491 3171 544 3232 pro
566 3155 651 3215 nobis
672 3155 779 3227 uuas,
801 3161 892 3231 qnam
916 3157 995 3232 qood
1016 3161 1046 3216 iu
1069 3168 1219 3217 commune
1239 3165 1296 3211 uon
1317 3149 1506 3213 consulunt.“
1550 3133 1694 3218 Concedit
1720 3155 1846 3218 Wexlus

279 3267 418 3346 Prelsgg.
441 3285 470 3344 p.
496 3269 567 3327 ror.
590 3285 635 3344 sqr
658 3283 710 3344 per
732 3283 765 3327 se
786 3268 878 3327 latina
899 3267 955 3329 diui
977 3285 1068 3345 posse
1089 3267 1154 3326 rtr'le
1168 3283 1219 3346 pro
1238 3263 1325 3338 nodia,
1345 3263 1397 3324 sad
1420 3265 1541 3324 damnat
1562 3264 1673 3341 eolica,
1697 3273 1766 3345 quia
1789 3285 1845 3347 op-

279 3372 387 3456 positio
408 3371 501 3454 desit,
535 3395 595 3456 qna
616 3377 741 3439 Romani
770 3394 837 3440 curo
867 3379 926 3438 alio
957 3379 1101 3456 quodam,
1132 3383 1175 3440 cul
1201 3377 1297 3436 minus
1319 3375 1392 3436 illud
1412 3377 1483 3436 utile
1504 3385 1556 3437 aut
1575 3392 1634 3437 nou
1658 3382 1728 3440 utile
1755 3389 1844 3460 essct,

278 3497 499 3568 componantur.
544 3491 650 3551 Deleta
671 3499 769 3551 antem
791 3491 969 3567 glossemate
999 3491 1047 3552 illo
1068 3507 1127 3551 uon
1146 3491 1241 3551 solum
1263 3487 1325 3548 tolli
1348 3487 1405 3549 hoe
1426 3489 1622 3566 incommodi,
1651 3491 1704 3550 sed
1736 3495 1844 3553 orado·

278 3619 346 3664 nem
369 3610 457 3664 adem
478 3604 539 3663 lieri
561 3603 647 3662 valde
669 3616 833 3662 ramosam.
878 3601 937 3662 Sed
966 3611 1000 3663 nt
1028 3603 1110 3663 uulla
1136 3600 1183 3662 ler
1203 3597 1276 3677 ‘cst,
1307 3617 1385 3677 quae
1411 3601 1511 3661 iubeat
1539 3611 1671 3662 veterum
1694 3613 1845 3664 auctorum

280 3715 386 3787 noba,
409 3719 436 3774 si
458 3719 555 3775 miuus
575 3731 702 3775 nervosa
723 3715 886 3789 videantur,
906 3721 1060 3792 propterea
1080 3729 1130 3791 pro
1151 3717 1294 3789 corruptis
1315 3711 1440 3788 hebere,
1465 3719 1517 3771 aut
1537 3717 1696 3774 urutetloue
1718 3717 1846 3792 scriptu·

279 3842 339 3902 ras,
361 3842 449 3904 quam
473 3827 590 3888 codices
612 3835 768 3902 testantur,
792 3841 945 3887 nervosam
968 3843 1032 3887 eam
1054 3827 1158 3901 iacere,
1181 3825 1222 3884 lta
1245 3828 1378 3902 quaerite
1399 3823 1451 3883 tali
1473 3822 1562 3884 modo
1581 3829 1744 3886 nervositas
1764 3825 1846 3887 nulla

279 3947 341 4014 est,
373 3943 399 3998 ei
430 3941 604 3999 seotmrtiam
634 3941 790 4016 corrumpit
821 3947 851 3999 ot
881 3941 913 3998 iu
943 3939 1049 3998 ialsum
1078 3940 1237 4012 detorquet.
1299 3935 1506 3995 Falsissimum
1536 3945 1633 3997 antem
1665 3945 1728 4014 ast,
1764 3937 1844 4014 qnod

281 4049 427 4110 Woxians
452 4057 613 4113 mutatione
635 4049 740 4112 Tacito
768 4051 941 4112 obtruditur.
992 4050 1064 4110 llam
1093 4065 1183 4124 quum
1211 4048 1297 4106 motta
1322 4065 1376 4125 pro
1405 4048 1547 4107 Romanis
1575 4056 1674 4110 assent
1703 4047 1844 4110 adversus

281 4161 447 4240 Britannos,
469 4163 553 4223 velot
571 4163 660 4223 robur
673 4163 832 4240 legionum,
856 4171 1056 4224 veteranorum
1080 4160 1205 4238 colonia,
1227 4159 1376 4237 praesidia
1389 4159 1525 4222 ·eastellis
1547 4163 1694 4239 imposita,
1716 4163 1843 4221 sociem·

280 4283 325 4337 tes
346 4290 415 4334 oum
429 4275 635 4336 nonnullarum
656 4279 786 4352 gendum
808 4275 994 4352 principibus,
1015 4273 1143 4348 l’aoitus,
1165 4275 1190 4331 si
1213 4289 1266 4329 mn
1287 4272 1365 4330 uliud
1387 4287 1439 4349 pro
1461 4271 1601 4332 liomauls
1623 4291 1688 4334 esse
1710 4273 1842 4351 dixisset,

279 4400 357 4463 quaer
378 4387 450 4464 qnod
473 4383 606 4446 esrem
624 4391 653 4445 r'n
671 4403 803 4444 commone
821 4405 874 4443 corr
897 4385 1041 4457 scandant,
1063 4385 1162 4460 inepte
1185 4383 1324 4461 dixisset,
1356 4401 1416 4443 nou
1446 4401 1578 4446 nervose.
1606 4386 1662 4445 'At
1684 4402 1743 4444 uon
1771 4384 1845 4444 dixit

279 4495 345 4558 noa
389 4499 471 4558 Dixit
494 4504 569 4560 culm
592 4502 621 4558 in
643 4501 690 4575 ils,
714 4513 789 4573 quse
811 4513 864 4572 pro
886 4497 1024 4558 Romanis
1045 4503 1159 4573 essent,
1182 4495 1254 4555 nihil
1276 4496 1356 4556 aliud
1380 4513 1445 4557 esse
1467 4497 1581 4574 utilas,
1605 4513 1691 4573 quam
1713 4495 1843 4556 hostium

280 4607 471 4688 discordiam3
495 4611 553 4670 lroc
574 4613 667 4685 igitur
686 4611 815 4668 omnium
838 4627 902 4670 asse
924 4609 1116 4670 utilissimum.
1160 4607 1269 4684 Vides,
1298 4609 1394 4666 atilios
1420 4612 1450 4668 iu
1479 4607 1536 4668 hae
1570 4611 1714 4668 sententia
1741 4611 1842 4685 utique

279 4725 476 4780 neceesarium
498 4739 578 4799 esee,
607 4739 643 4782 ec
664 4722 701 4782 de
722 4723 899 4797 glossemate
921 4721 1039 4798 cogitati
1061 4735 1121 4779 oon
1143 4732 1241 4795 posse.
1292 4717 1457 4780 Proclivins
1480 4737 1551 4781 sane
1573 4721 1648 4779 toret
1665 4737 1717 4798 pro
1739 4735 1842 4796 suspe-

280 4833 505 4920 cturirllrslrere3
527 4835 579 4895 red
599 4827 637 4894 ne
660 4834 715 4893 hoo
736 4835 854 4910 quidem
874 4839 985 4892 r'ernm.
1030 4831 1065 4890 Iir
1087 4837 1225 4908 promptu
1247 4839 1292 4910 est
1314 4835 1408 4908 cuim,
1439 4849 1497 4909 quo
1520 4831 1729 4892 discordiarum
1750 4839 1841 4907 atque

279 4941 430 5004 dissensus
451 4945 574 5006 effectus
592 4949 626 5005 in
645 4953 929 5023 unamqnepartem
951 4947 1069 5021 pavlus
1089 4943 1292 5021 illustraretur,
1315 4947 1530 5021 oppositionem
1552 4945 1732 5020 quaesivisse
1753 4941 1842 5002 Taci-

279 5061 341 5116 tum
360 5057 395 5116 iit
415 5055 543 5115 edm
565 5065 595 5118 et
609 5074 664 5137 pto
683 5057 852 5135 peretulo·

1469 5161 1487 5218 2
1500 5155 1517 5188 a
