4754 6208
1288 1014 1315 1090 8

516 1253 541 1294 ο.
565 1235 596 1294 e.
626 1238 711 1313 priate
732 1241 758 1291 st
787 1237 840 1290 utic
861 1241 921 1292 tem
944 1233 1069 1292 obsum
1091 1235 1157 1292 risa
1179 1249 1246 1292 ease
1265 1233 1403 1305 florano,
1436 1241 1469 1292 ut
1490 1233 1746 1310 interprsumscto
1769 1237 1797 1293 ei
1818 1241 1893 1308 opus
1914 1249 1981 1292 erae
2006 1231 2089 1292 ride·

516 1346 617 1407 retttr‘l
662 1347 746 1406 Etsi
769 1345 929 1422 videretur,
960 1344 1058 1405 verbis
1079 1363 1188 1424 neque
1215 1348 1333 1420 regnes
1362 1343 1413 1403 ills
1443 1344 1583 1420 explicari
1609 1343 1764 1420 potuisse?
1809 1345 1943 1405 Gmerum
1966 1361 2090 1420 moneo,

517 1459 606 1520 rerba
627 1477 697 1516 mors
725 1461 866 1528 insecura,
896 1459 946 1534 qui
977 1457 1101 1514 militium
1121 1460 1151 1514 in
1181 1457 1322 1514 immotum
1348 1461 1452 1514 nerim
1474 1460 1559 1532 quasi
1587 1461 1616 1514 in
1649 1455 1816 1531 parenthesi
1850 1455 1930 1516 diets
1960 1465 2090 1516 minm-

516 1568 665 1630 modoad
693 1570 800 1626 liecurt
820 1571 978 1644 pertinere;
1008 1585 1076 1627 uem
1104 1569 1228 1628 hscivis
1256 1571 1420 1629 iuventutis
1453 1571 1587 1644 propris3
1628 1571 1745 1642 segniter
1775 1585 1847 1628 vero
1879 1585 1967 1645 egere
2001 1573 2097 1628 etism·
2164 1615 2165 1618 η

518 1683 640 1744 eliorum
670 1697 758 1757 quum
779 1683 917 1740 iuvenum
938 1697 1005 1739 ease
1025 1687 1130 1758 potest.
1176 1681 1312 1756 Denique
1333 1697 1392 1739 non
1415 1678 1533 1738 concedi
1556 1685 1652 1754 potest
1674 1677 1781 1738 Wexio
1804 1697 1850 1735 nec
1864 1711 1906 1722 -
1918 1697 2002 1756 seque
2021 1697 2089 1755 par·

517 1796 622 1856 tleuies
645 1793 700 1852 sibi
729 1809 786 1850 uon
815 1792 1007 1868 ‘remordere
1038 1795 1107 1868 quic
1134 1796 1216 1868 prius
1246 1813 1293 1848 nec
1320 1801 1412 1850 totum
1436 1795 1622 1852 enunciatum
1651 1807 1716 1849 cum
1745 1793 1937 1853 antecedente
1965 1791 2091 1868 copulat.

518 1905 553 1966 Iu
576 1915 713 1982 promptu
735 1913 781 1964 eat
802 1909 879 1963 euim
900 1907 1010 1980 primae
1031 1903 1150 1979 periodo
1172 1903 1296 1964 alterum
1318 1907 1381 1964 aine
1410 1908 1544 1963 iunmuru
1565 1902 1644 1961 edii.
1696 1899 1697 1905 ’

670 2017 701 2075 0.
727 2021 755 2075 i.
781 2015 963 2093 „Mucianus
993 2017 1111 2074 missum
1139 2015 1176 2074 ad
1200 2015 1330 2074 delectus
1359 2015 1498 2091 agendos
1521 2013 1688 2092 Agricolam
1714 2020 1884 2091 integreque
1913 2032 1949 2074 ac
1977 2027 2092 2076 suenus

522 2137 669 2190 veraclum
693 2130 850 2187 vicesimae
872 2127 996 2204 legioni,
1020 2127 1100 2186 terde
1132 2125 1169 2184 ad
1199 2135 1413 2186 tenementum
1435 2135 1647 2202 transgressae,
1668 2133 1855 2203 praeposuit,
1884 2125 1948 2185 cdi
1973 2127 2094 2186 derso-

520 2257 579 2298 εον
600 2241 723 2298 eminus
744 2259 825 2315 agere
846 2238 1046 2297 narraicmr.“
1094 2238 1286 2298 Difficultetes
1308 2238 1379 2298 iuh
1413 2237 1433 2296 l.
1464 2253 1608 2313 quaereus
1632 2237 1772 2312 chius,
1795 2255 1870 2315 quse
1892 2239 1991 2300 nullae
2014 2247 2091 2315 suut,

519 2351 655 2427 Prolegg.
678 2369 705 2426 p.
732 2353 793 2408 114
814 2368 859 2426 sq.
878 2349 971 2408 verite
996 2349 1046 2408 clii
1070 2349 1187 2408 memor
1217 2360 1359 2426 unquam
1388 2369 1423 2408 ex
1451 2349 1586 2408 mutilato
1607 2350 1785 2426 glossemate
1813 2351 1896 2410 illuta
1918 2359 2019 2410 censet
2040 2353 2095 2410 eil-

522 2465 638 2538 cieude,
664 2471 805 2540 punctum
826 2470 896 2538 post
915 2465 1071 2540 prcrponrit
1093 2461 1278 2536 ponendum,
1310 2471 1339 2522 et
1360 2483 1392 2520 cc
1414 2470 1482 2520 ante
1505 2479 1586 2536 cgere
1609 2461 1802 2522 inserendum.
1848 2461 1935 2538 Quod
1957 2467 1982 2522 si
2003 2463 2092 2521 Tael-

522 2581 568 2634 tua
589 2578 630 2633 itu
652 2576 834 2650 scripsisset,
863 2573 935 2632 nillil
957 2589 1028 2633 sene
1056 2583 1135 2632 esset
1162 2573 1349 2651 offensionis3
1381 2573 1433 2634 sed
1456 2589 1514 2632 uon
1536 2575 1633 2632 miuus
1652 2581 1764 2632 rectum
1786 2583 1847 2651 est,
1877 2572 1957 2650 quod
1978 2571 2097 2634 codices

524 2685 796 2762 tumnusmodo
818 2683 940 2742 scinne
962 2703 1044 2759 cgere
1065 2701 1124 2743 non
1154 2699 1219 2744 eum
1241 2684 1348 2744 Wexio
1378 2687 1573 2760 interpreteris
1594 2683 1747 2742 mntem
1768 2703 1886 2757 noane,
1908 2701 2006 2761 neque
2026 2701 2097 2762 pru-

526 2797 595 2870 bes,
630 2796 707 2871 quod
735 2798 784 2858 illc
814 2795 903 2874 dicit,
935 2796 1036 2874 verite,
1069 2811 1146 2872 quse
1173 2805 1349 2874 sequuntur,
1380 2815 1454 2871 ,nec
1478 2797 1584 2872 legetur
1609 2800 1761 2874 monna
1789 2797 1828 2855 cd
1853 2795 2025 2856 coltimduar
2043 2815 2096 2875 po-

524 2913 599 2979 tam,
630 2911 755 2966 mertum
776 2927 825 2965 roo
846 2927 883 2964 an
904 2907 1018 2965 miiitum
1039 2905 1192 2983 irgcsio“‚
1223 2908 1376 2968 ostendere
1398 2912 1494 2984 ipsum
1522 2908 1650 2984 legatum
1679 2909 1850 2968 seditiosum
1874 2907 1980 2985 luisse,
2016 2905 2097 2985 quod

525 3019 663 3078 Matones
691 3027 843 3097 repugnet.
886 3019 967 3080 Nihil
997 3019 1100 3078 horum
1130 3035 1241 3078 verum.
1292 3019 1423 3078 Sediticrs
1454 3037 1536 3095 cgere
1564 3019 1670 3079 dicitnr
1690 3019 1842 3097 decessor,
1877 3021 1896 3078 i.
1916 3037 1940 3080 ο.
1969 3023 2012 3098 Ιο,
2045 3021 2097 3095 qui

527 3139 595 3190 ente
619 3131 783 3207 Agccolm
805 3134 913 3208 legioni
934 3135 1076 3209 praefuit,
1105 3137 1155 3208 qui
1176 3128 1229 3190 leil
1250 3132 1373 3191 Rosclm
1395 3131 1528 3207 Caelius,
1552 3139 1723 3206 propterea,
1746 3132 1817 3209 post
1838 3133 1992 3190 seditionem
2012 3132 2098 3206 legis

526 3247 571 3300 nia
587 3259 743 3318 conpescere
763 3261 815 3300 nors
837 3243 941 3316 educi,
971 3263 1051 3322 eoque
1072 3248 1101 3301 ts
1127 3243 1252 3300 seditiosa
1271 3248 1346 3300 statu
1368 3241 1532 3301 mrsoictcr.
1584 3243 1670 3316 Quod
1693 3258 1783 3316 quum
1810 3245 1873 3318 lpse
1895 3243 2016 3302 ilacltna
2037 3251 2099 3302 sn·

527 3357 578 3411 tim
601 3351 730 3412 declaret
749 3351 858 3414 addens
884 3374 961 3428 „con
976 3355 1065 3433 firirre
1086 3355 1204 3430 legatum
1222 3355 1385 3430 praetorium
1408 3351 1445 3409 sd
1468 3351 1638 3408 collidendam
1656 3357 1797 3428 potentem,
1820 3357 1961 3412 incertum
1983 3365 2099 3411 suoru

525 3461 651 3522 militum
671 3465 834 3539 ingemui,
862 3481 933 3526 sune
954 3465 1075 3525 mirifice
1102 3463 1227 3525 Weriua
1249 3467 1363 3540 putuvit
1383 3483 1436 3520 soc
1458 3461 1576 3520 colilers
1594 3481 1670 3540 prm
1691 3463 1845 3521 seditionem
1866 3463 1943 3524 ldem
1966 3481 2032 3525 esse
2053 3471 2099 3524 ct

527 3586 585 3648 que
613 3575 767 3632 εαὶῦίοιιοιι
788 3579 924 3635 cosn'tcrs.
979 3577 1110 3653 [regatus
1131 3597 1179 3633 suo
1202 3580 1319 3652 iugenio
1348 3579 1373 3635 sl
1395 3591 1454 3640 nou
1477 3573 1623 3652 cohibuit,
1652 3575 1683 3634 id
1707 3577 1816 3634 iscium
1838 3578 1902 3635 eius
1924 3577 2101 3653 infirmitate,-

527 3689 572 3745 siu
594 3683 705 3742 miden
727 3689 856 3764 ingenio,
879 3705 985 3748 csusse
1006 3705 1066 3748 non
1089 3687 1244 3748 cohibendi
1266 3690 1321 3747 luit
1342 3693 1372 3747 iu
1394 3703 1492 3746 comm
1514 3689 1601 3744 sicsic
1616 3685 1731 3764 ferocia
1778 3685 1908 3746 Eundem
1932 3705 1992 3747 rem
2011 3687 2100 3747 'lacl-

527 3807 574 3858 tus
597 3797 684 3856 reiert
705 3800 733 3854 in
761 3797 840 3856 Hist.
858 3797 886 3874 i,
911 3800 970 3878 60,
993 3803 1022 3858 t.
1076 3799 1254 3876 ,Trebellius
1272 3801 1427 3857 rediisses
1451 3801 1506 3874 (sc
1531 3813 1588 3856 non
1611 3797 1796 3872 oppressam)
1818 3804 1843 3854 st
1864 3799 2001 3877 censoaria
2023 3800 2099 3858 ordi-

527 3926 584 3965 nns
607 3906 768 3983 disciplinae
794 3903 852 3988 (sc.
876 3925 960 3985 quem
988 3910 1046 3978 lsbl
1074 3913 1178 3972 luertlu
1206 3927 1313 3986 passus
1341 3909 1446 3985 lueret)
1479 3909 1587 3980 Curtio,
1615 3907 1756 3984 spolietis
1785 3917 1816 3969 et
1842 3915 1945 3986 inopes
1967 3911 2099 3988 legiones

529 4017 646 4080 Gealiue
666 4017 812 4076 Trebellio
842 4022 1046 4107 cniectebet.“

680 4129 714 4188 In
737 4130 894 4204 Agricolae
922 4133 1099 4194 humanitate
1128 4131 1340 4210 describenda,
1373 4147 1459 4206 quem
1481 4131 1712 4208 provincialibus
1734 4135 1896 4208 praestitit,
1926 4147 1952 4194 c.
1976 4133 2004 4192 9.
2026 4133 2100 4192 haec

529 4241 677 4316 leguntur:
714 4241 803 4314 ,lum
828 4261 897 4302 vero
926 4252 1057 4320 tempora
1080 4259 1211 4304 curarum
1240 4247 1498 4317 remissionumque
1529 4241 1642 4319 divisa3
1670 4243 1720 4302 ubi
1743 4253 1904 4302 conventus
1929 4259 1965 4301 ac
1992 4243 2101 4302 iudicia

528 4359 694 4426 poscerent,
726 4357 840 4429 peris,
868 4359 1014 4429 intentus,
1043 4371 1176 4430 severus,
1210 4361 1236 4410 et
1260 4358 1367 4432 caepim
1397 4357 1557 4423 miseritum
1585 4355 1635 4412 ubi
1663 4353 1759 4412 otnero
1787 4356 1985 4432 scrisisctum,
2019 4353 2101 4413 nulls

530 4461 606 4520 ultre
632 4467 789 4538 potestatis
812 4481 956 4539 persouu;
981 4469 1127 4524 tristitiom
1147 4474 1172 4524 st
1201 4467 1390 4540 arrogantius
1417 4472 1442 4521 at
1469 4467 1616 4521 auaritiam
1643 4465 1789 4522 munst
1836 4465 1870 4523 Iu
1898 4465 1944 4524 his
1975 4463 2101 4526 Werius

531 4571 669 4646 Prolegg.
698 4591 726 4648 p.
763 4575 822 4632 106
851 4577 975 4648 primurn
997 4577 1086 4636 verbs
1111 4586 1136 4636 et
1157 4581 1265 4654 caepim
1290 4579 1438 4636 misericors
1465 4575 1544 4634 nullo
1572 4573 1661 4633 modo
1682 4577 1746 4634 terri
1769 4590 1858 4652 posse
1880 4585 1997 4653 censet,
2032 4581 2102 4650 quia

531 4683 661 4742 hicnon
684 4689 744 4744 iem
766 4693 870 4759 agutur
892 4684 928 4744 de
951 4687 1158 4766 iurisdictione,
1190 4688 1226 4748 de
1249 4703 1308 4763 que
1330 4690 1388 4747 iem
1410 4687 1567 4748 absolverit
1587 4695 1703 4757 auctor,
1727 4687 1780 4746 sed
1803 4691 1936 4748 univerae
1957 4689 1993 4748 de
2019 4693 2103 4748 veclo

531 4795 689 4870 Agricolae
712 4799 741 4852 in
756 4799 891 4870 negotiis
917 4805 946 4856 et
974 4803 1004 4856 in
1026 4801 1085 4859 otio
1108 4801 1189 4860 vultu
1213 4818 1248 4860 ac
1271 4793 1304 4859 se
1334 4799 1455 4876 gerendi
1477 4805 1596 4860 reione.
1642 4798 1741 4874 Quare
1762 4801 1853 4858 verbu
1875 4809 1976 4860 assuta
1998 4817 2063 4860 ease
2086 4817 2104 4858 e

531 4905 716 4980 glossatore,
747 4907 855 4982 quide
878 4925 994 4968 morum
1015 4911 1094 4971 lema.
1118 4911 1275 4987 Agricolae
1298 4911 1460 4987 sollicitus,
1492 4914 1635 4986 gravitate
1658 4919 1688 4970 ei
1709 4916 1869 4972 severitate
1891 4915 1952 4971 eius
1975 4929 2105 4971 comme·

531 5021 659 5091 moratu,
683 5019 900 5080 misericordius
922 5021 1011 5081 leude
1035 5039 1102 5082 eum
1125 5027 1234 5100 privari
1265 5023 1400 5082 noluerit.
1445 5021 1512 5085 Huc
1541 5021 1617 5087 uode
1638 5026 1767 5083 rescierit
1796 5022 1939 5101 Werlus,
1969 5024 2105 5100 equidem
