<?xml version="1.0" encoding="UTF-8"?>
<!DOCTYPE html PUBLIC "-//W3C//DTD XHTML 1.0 Transitional//EN"
    "http://www.w3.org/TR/xhtml1/DTD/xhtml1-transitional.dtd">
<html xmlns="http://www.w3.org/1999/xhtml" xml:lang="en" lang="en">
 <head>
  <title>
</title>
<meta http-equiv="Content-Type" content="text/html;charset=utf-8" />
  <meta name='ocr-system' content='tesseract 3.04.00' />
  <meta name='ocr-capabilities' content='ocr_page ocr_carea ocr_par ocr_line ocrx_word'/>
</head>
<body>
  <div class='ocr_page' id='page_1' title='image "./deglossematisfa00kritgoog_0024.png"; bbox 0 0 4754 6208; ppageno 0'>
   <div class='ocr_carea' id='block_1_1' title="bbox 216 1247 1858 2453">
    <p class='ocr_par' dir='ltr' id='par_1_1' title="bbox 216 1247 1858 2453">
     <span class='ocr_line' id='line_1_1' title="bbox 282 1247 1858 1334; baseline -0.008 -20"><span class='ocrx_word' id='word_1_1' title='bbox 282 1259 373 1314; x_wconf 86' lang='lat' dir='ltr'><strong>eatae</strong></span> <span class='ocrx_word' id='word_1_2' title='bbox 391 1252 474 1311; x_wconf 83' lang='lat' dir='ltr'><strong>muri</strong></span> <span class='ocrx_word' id='word_1_3' title='bbox 495 1253 526 1310; x_wconf 92' lang='lat' dir='ltr'><strong>in</strong></span> <span class='ocrx_word' id='word_1_4' title='bbox 548 1248 677 1310; x_wconf 86' lang='lat' dir='ltr'><strong>boatium</strong></span> <span class='ocrx_word' id='word_1_5' title='bbox 699 1259 792 1313; x_wconf 87' lang='lat' dir='ltr'><strong>terrea</strong></span> <span class='ocrx_word' id='word_1_6' title='bbox 814 1247 905 1310; x_wconf 82' lang='lat' dir='ltr'><strong>durae</strong></span> <span class='ocrx_word' id='word_1_7' title='bbox 926 1248 1030 1326; x_wconf 89' lang='lat' dir='ltr'><strong>tbiqna</strong></span> <span class='ocrx_word' id='word_1_8' title='bbox 1051 1249 1164 1326; x_wconf 67' lang='lat' dir='ltr'><strong>beati,</strong></span> <span class='ocrx_word' id='word_1_9' title='bbox 1196 1256 1258 1310; x_wconf 84' lang='lat' dir='ltr'><strong>tom</strong></span> <span class='ocrx_word' id='word_1_10' title='bbox 1280 1251 1318 1322; x_wconf 88' lang='lat' dir='ltr'><strong>ii,</strong></span> <span class='ocrx_word' id='word_1_11' title='bbox 1346 1253 1397 1328; x_wconf 90' lang='lat' dir='ltr'><strong>qut</strong></span> <span class='ocrx_word' id='word_1_12' title='bbox 1420 1268 1521 1314; x_wconf 71' lang='lat' dir='ltr'><strong>auum</strong></span> <span class='ocrx_word' id='word_1_13' title='bbox 1542 1253 1609 1316; x_wconf 91' lang='lat' dir='ltr'><strong>loca</strong></span> <span class='ocrx_word' id='word_1_14' title='bbox 1631 1269 1667 1316; x_wconf 88' lang='lat' dir='ltr'><strong>eo</strong></span> <span class='ocrx_word' id='word_1_15' title='bbox 1690 1257 1766 1317; x_wconf 73' lang='lat' dir='ltr'><strong>rrdtfi</strong></span> <span class='ocrx_word' id='word_1_16' title='bbox 1787 1274 1858 1334; x_wconf 70' lang='lat' dir='ltr'><strong>po..</strong></span> 
     </span>
     <span class='ocr_line' id='line_1_2' title="bbox 216 1341 1858 1440; baseline 0.004 -16"><span class='ocrx_word' id='word_1_17' title='bbox 216 1341 226 1366; x_wconf 76' lang='lat'>⁸</span> <span class='ocrx_word' id='word_1_18' title='bbox 282 1371 366 1440; x_wconf 80' lang='lat' dir='ltr'><strong>aaut,</strong></span> <span class='ocrx_word' id='word_1_19' title='bbox 389 1379 515 1440; x_wconf 85' lang='lat' dir='ltr'><strong>quornm</strong></span> <span class='ocrx_word' id='word_1_20' title='bbox 536 1378 623 1422; x_wconf 88' lang='lat' dir='ltr'><strong>nemo</strong></span> <span class='ocrx_word' id='word_1_21' title='bbox 645 1361 815 1440; x_wconf 70' lang='lat' dir='ltr'><strong>Agricolam</strong></span> <span class='ocrx_word' id='word_1_22' title='bbox 832 1363 941 1422; x_wconf 72' lang='lat' dir='ltr'><strong>rinuta</strong></span> <span class='ocrx_word' id='word_1_23' title='bbox 961 1371 1114 1439; x_wconf 84' lang='lat' dir='ltr'><strong>aequaret.</strong></span> <span class='ocrx_word' id='word_1_24' title='bbox 1156 1359 1224 1422; x_wconf 86' lang='lat' dir='ltr'><strong>llac</strong></span> <span class='ocrx_word' id='word_1_25' title='bbox 1244 1361 1371 1438; x_wconf 91' lang='lat' dir='ltr'><strong>aimplioi</strong></span> <span class='ocrx_word' id='word_1_26' title='bbox 1393 1379 1429 1423; x_wconf 85' lang='lat' dir='ltr'><strong>aa</strong></span> <span class='ocrx_word' id='word_1_27' title='bbox 1449 1372 1527 1424; x_wconf 86' lang='lat' dir='ltr'><strong>ceria</strong></span> <span class='ocrx_word' id='word_1_28' title='bbox 1549 1367 1599 1426; x_wconf 87' lang='lat' dir='ltr'><strong>via</strong></span> <span class='ocrx_word' id='word_1_29' title='bbox 1620 1366 1677 1427; x_wconf 90' lang='lat' dir='ltr'><strong>loni</strong></span> <span class='ocrx_word' id='word_1_30' title='bbox 1700 1368 1858 1430; x_wconf 85' lang='lat' dir='ltr'><strong>emendan-</strong></span> 
     </span>
     <span class='ocr_line' id='line_1_3' title="bbox 282 1472 1858 1552; baseline 0.003 -16"><span class='ocrx_word' id='word_1_31' title='bbox 282 1474 311 1536; x_wconf 92' lang='lat' dir='ltr'><strong>di</strong></span> <span class='ocrx_word' id='word_1_32' title='bbox 341 1474 444 1536; x_wconf 88' lang='lat' dir='ltr'><strong>relicta</strong></span> <span class='ocrx_word' id='word_1_33' title='bbox 470 1472 594 1536; x_wconf 81' lang='lat' dir='ltr'><strong>Waxiue</strong></span> <span class='ocrx_word' id='word_1_34' title='bbox 623 1473 705 1534; x_wconf 84' lang='lat' dir='ltr'><strong>aliud</strong></span> <span class='ocrx_word' id='word_1_35' title='bbox 732 1477 866 1536; x_wconf 70' lang='lat' dir='ltr'><strong>nutavit</strong></span> <span class='ocrx_word' id='word_1_36' title='bbox 922 1472 1022 1548; x_wconf 75' lang='lat' dir='ltr'><strong>Fingit</strong></span> <span class='ocrx_word' id='word_1_37' title='bbox 1052 1477 1130 1534; x_wconf 90' lang='lat' dir='ltr'><strong>enim</strong></span> <span class='ocrx_word' id='word_1_38' title='bbox 1160 1481 1290 1534; x_wconf 79' lang='lat' dir='ltr'><strong>exnemo</strong></span> <span class='ocrx_word' id='word_1_39' title='bbox 1319 1490 1344 1534; x_wconf 93' lang='lat' dir='ltr'><strong>c.</strong></span> <span class='ocrx_word' id='word_1_40' title='bbox 1376 1476 1429 1534; x_wconf 76' lang='lat' dir='ltr'><strong>di.</strong></span> <span class='ocrx_word' id='word_1_41' title='bbox 1457 1473 1495 1534; x_wconf 88' lang='lat' dir='ltr'><strong>ad</strong></span> <span class='ocrx_word' id='word_1_42' title='bbox 1525 1477 1727 1552; x_wconf 73' lang='lat' dir='ltr'><strong>corrigendam</strong></span> <span class='ocrx_word' id='word_1_43' title='bbox 1754 1479 1858 1540; x_wconf 84' lang='lat' dir='ltr'><strong>labam</strong></span> 
     </span>
     <span class='ocr_line' id='line_1_4' title="bbox 281 1585 1856 1664; baseline 0.003 -16"><span class='ocrx_word' id='word_1_44' title='bbox 281 1590 454 1664; x_wconf 85' lang='lat' dir='ltr'><strong>acriptnrem</strong></span> <span class='ocrx_word' id='word_1_45' title='bbox 484 1605 540 1660; x_wconf 82' lang='lat' dir='ltr'><strong>,ro</strong></span> <span class='ocrx_word' id='word_1_46' title='bbox 567 1585 660 1644; x_wconf 74' lang='lat' dir='ltr'><strong>laudis</strong></span> <span class='ocrx_word' id='word_1_47' title='bbox 689 1585 828 1656; x_wconf 71' lang='lat' dir='ltr'><strong>caudae,</strong></span> <span class='ocrx_word' id='word_1_48' title='bbox 857 1588 928 1664; x_wconf 64' lang='lat' dir='ltr'><strong>qao*</strong></span> <span class='ocrx_word' id='word_1_49' title='bbox 958 1586 1081 1660; x_wconf 78' lang='lat' dir='ltr'><strong>margini</strong></span> <span class='ocrx_word' id='word_1_50' title='bbox 1110 1588 1269 1661; x_wconf 86' lang='lat' dir='ltr'><strong>eacrlptum</strong></span> <span class='ocrx_word' id='word_1_51' title='bbox 1290 1586 1382 1646; x_wconf 85' lang='lat' dir='ltr'><strong>iuiaae</strong></span> <span class='ocrx_word' id='word_1_52' title='bbox 1409 1603 1515 1657; x_wconf 75' lang='lat' dir='ltr'><strong>coroa,</strong></span> <span class='ocrx_word' id='word_1_53' title='bbox 1544 1585 1634 1664; x_wconf 91' lang='lat' dir='ltr'><strong>idque</strong></span> <span class='ocrx_word' id='word_1_54' title='bbox 1663 1591 1761 1650; x_wconf 88' lang='lat' dir='ltr'><strong>aliano</strong></span> <span class='ocrx_word' id='word_1_55' title='bbox 1790 1591 1856 1653; x_wconf 83' lang='lat' dir='ltr'><strong>loco</strong></span> 
     </span>
     <span class='ocr_line' id='line_1_5' title="bbox 282 1697 1857 1776; baseline 0.004 -17"><span class='ocrx_word' id='word_1_56' title='bbox 282 1716 308 1759; x_wconf 89' lang='lat' dir='ltr'><strong>e.</strong></span> <span class='ocrx_word' id='word_1_57' title='bbox 331 1701 385 1758; x_wconf 82' lang='lat' dir='ltr'><strong>tl.</strong></span> <span class='ocrx_word' id='word_1_58' title='bbox 406 1705 474 1774; x_wconf 85' lang='lat' dir='ltr'><strong>poet</strong></span> <span class='ocrx_word' id='word_1_59' title='bbox 488 1697 637 1776; x_wconf 79' lang='lat' dir='ltr'><strong>[araridrbe</strong></span> <span class='ocrx_word' id='word_1_60' title='bbox 658 1701 688 1756; x_wconf 88' lang='lat' dir='ltr'><strong>in</strong></span> <span class='ocrx_word' id='word_1_61' title='bbox 711 1707 822 1758; x_wconf 89' lang='lat' dir='ltr'><strong>textum</strong></span> <span class='ocrx_word' id='word_1_62' title='bbox 843 1700 1010 1774; x_wconf 79' lang='lat' dir='ltr'><strong>irrepaleae3</strong></span> <span class='ocrx_word' id='word_1_63' title='bbox 1039 1715 1129 1774; x_wconf 85' lang='lat' dir='ltr'><strong>qnare</strong></span> <span class='ocrx_word' id='word_1_64' title='bbox 1151 1701 1317 1774; x_wconf 85' lang='lat' dir='ltr'><strong>importuno</strong></span> <span class='ocrx_word' id='word_1_65' title='bbox 1340 1715 1428 1754; x_wconf 78' lang='lat' dir='ltr'><strong>aaran</strong></span> <span class='ocrx_word' id='word_1_66' title='bbox 1449 1701 1619 1774; x_wconf 87' lang='lat' dir='ltr'><strong>pronomina</strong></span> <span class='ocrx_word' id='word_1_67' title='bbox 1642 1703 1735 1762; x_wconf 89' lang='lat' dir='ltr'><strong>eiecto</strong></span> <span class='ocrx_word' id='word_1_68' title='bbox 1758 1701 1857 1764; x_wconf 83' lang='lat' dir='ltr'><strong>Taciti</strong></span> 
     </span>
     <span class='ocr_line' id='line_1_6' title="bbox 281 1808 1857 1888; baseline 0.004 -20"><span class='ocrx_word' id='word_1_69' title='bbox 281 1813 439 1887; x_wconf 65' lang='lat' dir='ltr'><strong>genuinum</strong></span> <span class='ocrx_word' id='word_1_70' title='bbox 460 1822 580 1869; x_wconf 88' lang='lat' dir='ltr'><strong>menum</strong></span> <span class='ocrx_word' id='word_1_71' title='bbox 602 1811 725 1870; x_wconf 84' lang='lat' dir='ltr'><strong>reatitni</strong></span> <span class='ocrx_word' id='word_1_72' title='bbox 771 1808 855 1886; x_wconf 89' lang='lat' dir='ltr'><strong>Quae</strong></span> <span class='ocrx_word' id='word_1_73' title='bbox 873 1813 916 1870; x_wconf 88' lang='lat' dir='ltr'><strong>lte</strong></span> <span class='ocrx_word' id='word_1_74' title='bbox 938 1809 1036 1887; x_wconf 80' lang='lat' dir='ltr'><strong>prodit</strong></span> <span class='ocrx_word' id='word_1_75' title='bbox 1056 1812 1212 1887; x_wconf 80' lang='lat' dir='ltr'><strong>eontentio,</strong></span> <span class='ocrx_word' id='word_1_76' title='bbox 1234 1825 1412 1886; x_wconf 90' lang='lat' dir='ltr'><strong>quemquam</strong></span> <span class='ocrx_word' id='word_1_77' title='bbox 1433 1825 1578 1888; x_wconf 75' lang='lat' dir='ltr'><strong>magnam</strong></span> <span class='ocrx_word' id='word_1_78' title='bbox 1595 1813 1743 1888; x_wconf 87' lang='lat' dir='ltr'><strong>quandam</strong></span> <span class='ocrx_word' id='word_1_79' title='bbox 1767 1813 1857 1875; x_wconf 84' lang='lat' dir='ltr'><strong>babet</strong></span> 
     </span>
     <span class='ocr_line' id='line_1_7' title="bbox 282 1915 1855 2002; baseline 0.001 -18"><span class='ocrx_word' id='word_1_80' title='bbox 282 1925 423 1984; x_wconf 76' lang='lat' dir='ltr'><strong>eraticula</strong></span> <span class='ocrx_word' id='word_1_81' title='bbox 443 1919 597 1996; x_wconf 74' lang='lat' dir='ltr'><strong>daridem,</strong></span> <span class='ocrx_word' id='word_1_82' title='bbox 623 1927 739 1996; x_wconf 68' lang='lat' dir='ltr'><strong>umen,</strong></span> <span class='ocrx_word' id='word_1_83' title='bbox 770 1924 795 1982; x_wconf 84' lang='lat' dir='ltr'><strong>al</strong></span> <span class='ocrx_word' id='word_1_84' title='bbox 816 1915 917 1982; x_wconf 85' lang='lat' dir='ltr'><strong>Wexll</strong></span> <span class='ocrx_word' id='word_1_85' title='bbox 946 1925 1089 1997; x_wconf 75' lang='lat' dir='ltr'><strong>scripture</strong></span> <span class='ocrx_word' id='word_1_86' title='bbox 1114 1925 1144 1980; x_wconf 93' lang='lat' dir='ltr'><strong>in</strong></span> <span class='ocrx_word' id='word_1_87' title='bbox 1177 1919 1327 1981; x_wconf 88' lang='lat' dir='ltr'><strong>codicibua</strong></span> <span class='ocrx_word' id='word_1_88' title='bbox 1356 1929 1499 1995; x_wconf 83' lang='lat' dir='ltr'><strong>exalaret,</strong></span> <span class='ocrx_word' id='word_1_89' title='bbox 1533 1922 1654 1984; x_wconf 87' lang='lat' dir='ltr'><strong>larenda</strong></span> <span class='ocrx_word' id='word_1_90' title='bbox 1682 1931 1773 2002; x_wconf 76' lang='lat' dir='ltr'><strong>aaaet3</strong></span> <span class='ocrx_word' id='word_1_91' title='bbox 1801 1925 1855 1986; x_wconf 83' lang='lat' dir='ltr'><strong>aed</strong></span> 
     </span>
     <span class='ocr_line' id='line_1_8' title="bbox 281 2031 1855 2112; baseline 0.001 -16"><span class='ocrx_word' id='word_1_92' title='bbox 281 2049 372 2112; x_wconf 76' lang='lat' dir='ltr'><strong>qinom</strong></span> <span class='ocrx_word' id='word_1_93' title='bbox 392 2031 552 2110; x_wconf 84' lang='lat' dir='ltr'><strong>depravate</strong></span> <span class='ocrx_word' id='word_1_94' title='bbox 571 2031 674 2110; x_wconf 89' lang='lat' dir='ltr'><strong>lectio,</strong></span> <span class='ocrx_word' id='word_1_95' title='bbox 705 2049 781 2110; x_wconf 87' lang='lat' dir='ltr'><strong>quae</strong></span> <span class='ocrx_word' id='word_1_96' title='bbox 799 2042 846 2093; x_wconf 88' lang='lat' dir='ltr'><strong>eat</strong></span> <span class='ocrx_word' id='word_1_97' title='bbox 866 2051 972 2105; x_wconf 68' lang='lat' dir='ltr'><strong>mnu,</strong></span> <span class='ocrx_word' id='word_1_98' title='bbox 1001 2032 1138 2094; x_wconf 85' lang='lat' dir='ltr'><strong>oatendat</strong></span> <span class='ocrx_word' id='word_1_99' title='bbox 1157 2035 1290 2108; x_wconf 80' lang='lat' dir='ltr'><strong>primitus</strong></span> <span class='ocrx_word' id='word_1_100' title='bbox 1312 2032 1391 2094; x_wconf 90' lang='lat' dir='ltr'><strong>alind</strong></span> <span class='ocrx_word' id='word_1_101' title='bbox 1413 2035 1442 2092; x_wconf 92' lang='lat' dir='ltr'><strong>iu</strong></span> <span class='ocrx_word' id='word_1_102' title='bbox 1465 2032 1615 2094; x_wconf 71' lang='lat' dir='ltr'><strong>codicibus</strong></span> <span class='ocrx_word' id='word_1_103' title='bbox 1636 2037 1744 2111; x_wconf 85' lang='lat' dir='ltr'><strong>iuiaea,</strong></span> <span class='ocrx_word' id='word_1_104' title='bbox 1774 2037 1855 2098; x_wconf 88' lang='lat' dir='ltr'><strong>acilo</strong></span> 
     </span>
     <span class='ocr_line' id='line_1_9' title="bbox 280 2141 1853 2225; baseline 0.003 -21"><span class='ocrx_word' id='word_1_105' title='bbox 280 2153 368 2225; x_wconf 85' lang='lat' dir='ltr'><strong>pacto</strong></span> <span class='ocrx_word' id='word_1_106' title='bbox 390 2147 456 2205; x_wconf 82' lang='lat' dir='ltr'><strong>iatri</strong></span> <span class='ocrx_word' id='word_1_107' title='bbox 479 2153 588 2222; x_wconf 86' lang='lat' dir='ltr'><strong>puteat.</strong></span> <span class='ocrx_word' id='word_1_108' title='bbox 631 2141 673 2204; x_wconf 89' lang='lat' dir='ltr'><strong>Ut</strong></span> <span class='ocrx_word' id='word_1_109' title='bbox 693 2153 792 2206; x_wconf 83' lang='lat' dir='ltr'><strong>autam</strong></span> <span class='ocrx_word' id='word_1_110' title='bbox 814 2145 1009 2222; x_wconf 69' lang='lat' dir='ltr'><strong>intelligatur,</strong></span> <span class='ocrx_word' id='word_1_111' title='bbox 1037 2161 1126 2222; x_wconf 88' lang='lat' dir='ltr'><strong>qnam</strong></span> <span class='ocrx_word' id='word_1_112' title='bbox 1147 2143 1301 2205; x_wconf 75' lang='lat' dir='ltr'><strong>infeliciter</strong></span> <span class='ocrx_word' id='word_1_113' title='bbox 1323 2143 1379 2204; x_wconf 88' lang='lat' dir='ltr'><strong>boc</strong></span> <span class='ocrx_word' id='word_1_114' title='bbox 1400 2154 1542 2206; x_wconf 84' lang='lat' dir='ltr'><strong>novatum</strong></span> <span class='ocrx_word' id='word_1_115' title='bbox 1563 2149 1615 2222; x_wconf 88' lang='lat' dir='ltr'><strong>eii,</strong></span> <span class='ocrx_word' id='word_1_116' title='bbox 1646 2151 1733 2209; x_wconf 89' lang='lat' dir='ltr'><strong>eliam</strong></span> <span class='ocrx_word' id='word_1_117' title='bbox 1754 2149 1790 2209; x_wconf 90' lang='lat' dir='ltr'><strong>de</strong></span> <span class='ocrx_word' id='word_1_118' title='bbox 1818 2165 1853 2209; x_wconf 93' lang='lat' dir='ltr'><strong>eo</strong></span> 
     </span>
     <span class='ocr_line' id='line_1_10' title="bbox 279 2255 1853 2334; baseline 0.001 -14"><span class='ocrx_word' id='word_1_119' title='bbox 279 2257 344 2320; x_wconf 83' lang='lat' dir='ltr'><strong>leto</strong></span> <span class='ocrx_word' id='word_1_120' title='bbox 366 2258 453 2318; x_wconf 84' lang='lat' dir='ltr'><strong>noble</strong></span> <span class='ocrx_word' id='word_1_121' title='bbox 475 2255 636 2317; x_wconf 85' lang='lat' dir='ltr'><strong>videndum</strong></span> <span class='ocrx_word' id='word_1_122' title='bbox 658 2259 727 2333; x_wconf 89' lang='lat' dir='ltr'><strong>erit,</strong></span> <span class='ocrx_word' id='word_1_123' title='bbox 748 2260 799 2334; x_wconf 92' lang='lat' dir='ltr'><strong>qui</strong></span> <span class='ocrx_word' id='word_1_124' title='bbox 819 2256 957 2316; x_wconf 85' lang='lat' dir='ltr'><strong>Waxinm</strong></span> <span class='ocrx_word' id='word_1_125' title='bbox 978 2260 1009 2316; x_wconf 91' lang='lat' dir='ltr'><strong>in</strong></span> <span class='ocrx_word' id='word_1_126' title='bbox 1028 2255 1106 2316; x_wconf 88' lang='lat' dir='ltr'><strong>bunc</strong></span> <span class='ocrx_word' id='word_1_127' title='bbox 1128 2273 1254 2316; x_wconf 89' lang='lat' dir='ltr'><strong>errorem</strong></span> <span class='ocrx_word' id='word_1_128' title='bbox 1275 2255 1401 2334; x_wconf 80' lang='lat' dir='ltr'><strong>induxit,</strong></span> <span class='ocrx_word' id='word_1_129' title='bbox 1426 2273 1603 2334; x_wconf 83' lang='lat' dir='ltr'><strong>quemqnam</strong></span> <span class='ocrx_word' id='word_1_130' title='bbox 1625 2263 1651 2320; x_wconf 90' lang='lat' dir='ltr'><strong>ia</strong></span> <span class='ocrx_word' id='word_1_131' title='bbox 1673 2278 1730 2322; x_wconf 92' lang='lat' dir='ltr'><strong>non</strong></span> <span class='ocrx_word' id='word_1_132' title='bbox 1750 2271 1795 2322; x_wconf 91' lang='lat' dir='ltr'><strong>eat</strong></span> <span class='ocrx_word' id='word_1_133' title='bbox 1817 2277 1853 2322; x_wconf 82' lang='lat' dir='ltr'><strong>cx</strong></span> 
     </span>
     <span class='ocr_line' id='line_1_11' title="bbox 279 2367 1853 2453; baseline 0.001 -21"><span class='ocrx_word' id='word_1_134' title='bbox 279 2385 315 2432; x_wconf 92' lang='lat' dir='ltr'><strong>ao</strong></span> <span class='ocrx_word' id='word_1_135' title='bbox 343 2387 469 2447; x_wconf 68' lang='lat' dir='ltr'><strong>genua,</strong></span> <span class='ocrx_word' id='word_1_136' title='bbox 497 2367 584 2453; x_wconf 41' lang='lat' dir='ltr'><strong>qnod,</strong></span> <span class='ocrx_word' id='word_1_137' title='bbox 603 2369 672 2430; x_wconf 86' lang='lat' dir='ltr'><strong>hnic</strong></span> <span class='ocrx_word' id='word_1_138' title='bbox 699 2367 889 2445; x_wconf 88' lang='lat' dir='ltr'><strong>dieputationi</strong></span> <span class='ocrx_word' id='word_1_139' title='bbox 918 2373 1100 2446; x_wconf 87' lang='lat' dir='ltr'><strong>propoaitnra</strong></span> <span class='ocrx_word' id='word_1_140' title='bbox 1133 2385 1199 2428; x_wconf 87' lang='lat' dir='ltr'><strong>aare</strong></span> <span class='ocrx_word' id='word_1_141' title='bbox 1228 2368 1386 2428; x_wconf 79' lang='lat' dir='ltr'><strong>volnimoa</strong></span> <span class='ocrx_word' id='word_1_142' title='bbox 1445 2369 1540 2444; x_wconf 75' lang='lat' dir='ltr'><strong>Igitur</strong></span> <span class='ocrx_word' id='word_1_143' title='bbox 1564 2370 1699 2451; x_wconf 76' lang='lat' dir='ltr'><strong>Tacitae,</strong></span> <span class='ocrx_word' id='word_1_144' title='bbox 1732 2373 1853 2434; x_wconf 85' lang='lat' dir='ltr'><strong>laudate</strong></span> 
     </span>
    </p>
   </div>
   <div class='ocr_carea' id='block_1_2' title="bbox 278 2478 1985 2561">
    <p class='ocr_par' dir='ltr' id='par_1_2' title="bbox 278 2478 1985 2561">
     <span class='ocr_line' id='line_1_12' title="bbox 278 2478 1985 2561; baseline -0.001 -18"><span class='ocrx_word' id='word_1_145' title='bbox 278 2481 434 2558; x_wconf 71' lang='lat' dir='ltr'><strong>Agricolae</strong></span> <span class='ocrx_word' id='word_1_146' title='bbox 455 2482 636 2559; x_wconf 89' lang='lat' dir='ltr'><strong>temporibua</strong></span> <span class='ocrx_word' id='word_1_147' title='bbox 658 2478 727 2540; x_wconf 88' lang='lat' dir='ltr'><strong>diria</strong></span> <span class='ocrx_word' id='word_1_148' title='bbox 746 2478 947 2540; x_wconf 73' lang='lat' dir='ltr'><strong>madentium</strong></span> <span class='ocrx_word' id='word_1_149' title='bbox 967 2497 1003 2540; x_wconf 86' lang='lat' dir='ltr'><strong>ac</strong></span> <span class='ocrx_word' id='word_1_150' title='bbox 1024 2483 1230 2557; x_wconf 73' lang='lat' dir='ltr'><strong>temperentia,</strong></span> <span class='ocrx_word' id='word_1_151' title='bbox 1258 2497 1285 2540; x_wconf 89' lang='lat' dir='ltr'><strong>a.</strong></span> <span class='ocrx_word' id='word_1_152' title='bbox 1308 2483 1360 2541; x_wconf 73' lang='grc' dir='ltr'>ιι.</span> <span class='ocrx_word' id='word_1_153' title='bbox 1388 2493 1460 2542; x_wconf 82' lang='lat' dir='ltr'><strong>extr.</strong></span> <span class='ocrx_word' id='word_1_154' title='bbox 1489 2498 1609 2558; x_wconf 89' lang='lat' dir='ltr'><strong>proraue</strong></span> <span class='ocrx_word' id='word_1_155' title='bbox 1639 2489 1757 2561; x_wconf 75' lang='lat' dir='ltr'><strong>egregie</strong></span> <span class='ocrx_word' id='word_1_156' title='bbox 1778 2485 1852 2546; x_wconf 87' lang='lat' dir='ltr'><strong>baec</strong></span> <span class='ocrx_word' id='word_1_157' title='bbox 1981 2517 1985 2528; x_wconf 89' lang='lat'><em>·</em></span> 
     </span>
    </p>
   </div>
   <div class='ocr_carea' id='block_1_3' title="bbox 276 2591 1852 3120">
    <p class='ocr_par' dir='ltr' id='par_1_3' title="bbox 276 2591 1852 3120">
     <span class='ocr_line' id='line_1_13' title="bbox 277 2591 1852 2674; baseline 0.003 -20"><span class='ocrx_word' id='word_1_158' title='bbox 277 2592 375 2655; x_wconf 79' lang='lat' dir='ltr'><strong>addit:</strong></span> <span class='ocrx_word' id='word_1_159' title='bbox 422 2591 551 2672; x_wconf 62' lang='lat' dir='ltr'><strong>,Sunt</strong></span> <span class='ocrx_word' id='word_1_160' title='bbox 574 2592 682 2670; x_wconf 89' lang='lat' dir='ltr'><strong>quibua</strong></span> <span class='ocrx_word' id='word_1_161' title='bbox 700 2595 789 2652; x_wconf 89' lang='lat' dir='ltr'><strong>moria</strong></span> <span class='ocrx_word' id='word_1_162' title='bbox 813 2601 858 2652; x_wconf 88' lang='lat' dir='ltr'><strong>eet</strong></span> <span class='ocrx_word' id='word_1_163' title='bbox 880 2592 981 2653; x_wconf 88' lang='lat' dir='ltr'><strong>illicita</strong></span> <span class='ocrx_word' id='word_1_164' title='bbox 998 2593 1104 2670; x_wconf 90' lang='lat' dir='ltr'><strong>mirari,</strong></span> <span class='ocrx_word' id='word_1_165' title='bbox 1127 2609 1215 2668; x_wconf 81' lang='lat' dir='ltr'><strong>poree</strong></span> <span class='ocrx_word' id='word_1_166' title='bbox 1238 2596 1326 2653; x_wconf 91' lang='lat' dir='ltr'><strong>etiem</strong></span> <span class='ocrx_word' id='word_1_167' title='bbox 1348 2593 1403 2654; x_wconf 85' lang='lat' dir='ltr'><strong>aab</strong></span> <span class='ocrx_word' id='word_1_168' title='bbox 1426 2593 1705 2672; x_wconf 85' lang='lat' dir='ltr'><strong>maliaprincipibtra</strong></span> <span class='ocrx_word' id='word_1_169' title='bbox 1727 2613 1852 2674; x_wconf 76' lang='lat' dir='ltr'><strong>magnoa</strong></span> 
     </span>
     <span class='ocr_line' id='line_1_14' title="bbox 277 2702 1852 2786; baseline 0.002 -22"><span class='ocrx_word' id='word_1_170' title='bbox 277 2707 356 2764; x_wconf 82' lang='lat' dir='ltr'><strong>rlroa</strong></span> <span class='ocrx_word' id='word_1_171' title='bbox 377 2719 457 2780; x_wconf 82' lang='lat' dir='ltr'><strong>aare,</strong></span> <span class='ocrx_word' id='word_1_172' title='bbox 478 2705 710 2782; x_wconf 83' lang='lat' dir='ltr'><strong>obaeqcinmque</strong></span> <span class='ocrx_word' id='word_1_173' title='bbox 733 2723 769 2764; x_wconf 88' lang='lat' dir='ltr'><strong>ac</strong></span> <span class='ocrx_word' id='word_1_174' title='bbox 790 2702 979 2778; x_wconf 84' lang='lat' dir='ltr'><strong>modoetiam,</strong></span> <span class='ocrx_word' id='word_1_175' title='bbox 1009 2707 1035 2763; x_wconf 86' lang='lat' dir='ltr'><strong>ai</strong></span> <span class='ocrx_word' id='word_1_176' title='bbox 1056 2703 1197 2764; x_wconf 84' lang='lat' dir='ltr'><strong>induatria</strong></span> <span class='ocrx_word' id='word_1_177' title='bbox 1227 2723 1262 2765; x_wconf 89' lang='lat' dir='ltr'><strong>ac</strong></span> <span class='ocrx_word' id='word_1_178' title='bbox 1285 2709 1370 2781; x_wconf 75' lang='lat' dir='ltr'><strong>rigor</strong></span> <span class='ocrx_word' id='word_1_179' title='bbox 1396 2703 1511 2776; x_wconf 84' lang='lat' dir='ltr'><strong>adalot,</strong></span> <span class='ocrx_word' id='word_1_180' title='bbox 1540 2725 1570 2764; x_wconf 84' lang='lat' dir='ltr'><strong>ea</strong></span> <span class='ocrx_word' id='word_1_181' title='bbox 1597 2707 1689 2766; x_wconf 68' lang='lat' dir='ltr'><strong>hadri</strong></span> <span class='ocrx_word' id='word_1_182' title='bbox 1718 2709 1852 2786; x_wconf 73' lang='lat' dir='ltr'><strong>madere,</strong></span> 
     </span>
     <span class='ocr_line' id='line_1_15' title="bbox 277 2813 1848 2897; baseline 0.004 -23"><span class='ocrx_word' id='word_1_183' title='bbox 277 2835 328 2897; x_wconf 76' lang='lat' dir='ltr'><strong>qua</strong></span> <span class='ocrx_word' id='word_1_184' title='bbox 349 2817 482 2894; x_wconf 76' lang='lat' dir='ltr'><strong>plerique</strong></span> <span class='ocrx_word' id='word_1_185' title='bbox 501 2835 563 2896; x_wconf 88' lang='lat' dir='ltr'><strong>par·</strong></span> <span class='ocrx_word' id='word_1_186' title='bbox 576 2817 718 2894; x_wconf 88' lang='lat' dir='ltr'><strong>abrupta,</strong></span> <span class='ocrx_word' id='word_1_187' title='bbox 737 2813 790 2874; x_wconf 85' lang='lat' dir='ltr'><strong>aad</strong></span> <span class='ocrx_word' id='word_1_188' title='bbox 812 2818 842 2874; x_wconf 88' lang='lat' dir='ltr'><strong>in</strong></span> <span class='ocrx_word' id='word_1_189' title='bbox 864 2814 976 2875; x_wconf 92' lang='lat' dir='ltr'><strong>nullum</strong></span> <span class='ocrx_word' id='word_1_190' title='bbox 1000 2815 1180 2892; x_wconf 88' lang='lat' dir='ltr'><strong>reipublicae</strong></span> <span class='ocrx_word' id='word_1_191' title='bbox 1204 2833 1302 2891; x_wconf 85' lang='lat' dir='ltr'><strong>naum,</strong></span> <span class='ocrx_word' id='word_1_192' title='bbox 1331 2817 1488 2879; x_wconf 80' lang='lat' dir='ltr'><strong>ambitione</strong></span> <span class='ocrx_word' id='word_1_193' title='bbox 1509 2827 1602 2880; x_wconf 87' lang='lat' dir='ltr'><strong>morte</strong></span> <span class='ocrx_word' id='word_1_194' title='bbox 1623 2819 1848 2882; x_wconf 80' lang='lat' dir='ltr'><strong>inclaruerunt‘</strong></span> 
     </span>
     <span class='ocr_line' id='line_1_16' title="bbox 276 2926 1849 3007; baseline 0.003 -19"><span class='ocrx_word' id='word_1_195' title='bbox 276 2929 343 2994; x_wconf 78' lang='lat' dir='ltr'><strong>Diei</strong></span> <span class='ocrx_word' id='word_1_196' title='bbox 366 2931 418 2989; x_wconf 84' lang='lat' dir='ltr'><strong>rix</strong></span> <span class='ocrx_word' id='word_1_197' title='bbox 439 2939 551 3007; x_wconf 85' lang='lat' dir='ltr'><strong>pocaet,</strong></span> <span class='ocrx_word' id='word_1_198' title='bbox 574 2938 754 3007; x_wconf 71' lang='lat' dir='ltr'><strong>quantopere</strong></span> <span class='ocrx_word' id='word_1_199' title='bbox 775 2931 805 2988; x_wconf 88' lang='lat' dir='ltr'><strong>io</strong></span> <span class='ocrx_word' id='word_1_200' title='bbox 827 2926 885 2988; x_wconf 92' lang='lat' dir='ltr'><strong>boc</strong></span> <span class='ocrx_word' id='word_1_201' title='bbox 906 2927 970 2990; x_wconf 89' lang='lat' dir='ltr'><strong>loco</strong></span> <span class='ocrx_word' id='word_1_202' title='bbox 990 2943 1023 2986; x_wconf 89' lang='lat' dir='ltr'><strong>aa</strong></span> <span class='ocrx_word' id='word_1_203' title='bbox 1046 2929 1182 2988; x_wconf 75' lang='lat' dir='ltr'><strong>torserint</strong></span> <span class='ocrx_word' id='word_1_204' title='bbox 1204 2928 1346 3003; x_wconf 87' lang='lat' dir='ltr'><strong>aditcroa,</strong></span> <span class='ocrx_word' id='word_1_205' title='bbox 1381 2937 1561 3007; x_wconf 76' lang='lat' dir='ltr'><strong>quantopere</strong></span> <span class='ocrx_word' id='word_1_206' title='bbox 1591 2947 1610 2991; x_wconf 86' lang='lat' dir='ltr'><strong>a</strong></span> <span class='ocrx_word' id='word_1_207' title='bbox 1637 2947 1709 2992; x_wconf 84' lang='lat' dir='ltr'><strong>vero</strong></span> <span class='ocrx_word' id='word_1_208' title='bbox 1730 2931 1849 2992; x_wconf 52' lang='lat' dir='ltr'><strong>aberra</strong></span> 
     </span>
     <span class='ocr_line' id='line_1_17' title="bbox 277 3037 1850 3120; baseline 0.002 -17"><span class='ocrx_word' id='word_1_209' title='bbox 277 3045 381 3103; x_wconf 86' lang='lat' dir='ltr'><strong>rerlnt.</strong></span> <span class='ocrx_word' id='word_1_210' title='bbox 426 3038 537 3102; x_wconf 86' lang='lat' dir='ltr'><strong>Omana</strong></span> <span class='ocrx_word' id='word_1_211' title='bbox 564 3042 642 3100; x_wconf 85' lang='lat' dir='ltr'><strong>euim</strong></span> <span class='ocrx_word' id='word_1_212' title='bbox 668 3059 705 3097; x_wconf 79' lang='lat' dir='ltr'><strong>co</strong></span> <span class='ocrx_word' id='word_1_213' title='bbox 732 3056 785 3117; x_wconf 92' lang='lat' dir='ltr'><strong>pro</strong></span> <span class='ocrx_word' id='word_1_214' title='bbox 807 3039 947 3100; x_wconf 69' lang='lat' dir='ltr'><strong>adverbio</strong></span> <span class='ocrx_word' id='word_1_215' title='bbox 975 3037 1131 3112; x_wconf 87' lang='lat' dir='ltr'><strong>bebaniea,</strong></span> <span class='ocrx_word' id='word_1_216' title='bbox 1158 3038 1282 3098; x_wconf 75' lang='lat' dir='ltr'><strong>araeden</strong></span> <span class='ocrx_word' id='word_1_217' title='bbox 1307 3042 1533 3118; x_wconf 79' lang='lat' dir='ltr'><strong>interpretantur</strong></span> <span class='ocrx_word' id='word_1_218' title='bbox 1559 3047 1712 3120; x_wconf 70' lang='lat' dir='ltr'><strong>perorabo,</strong></span> <span class='ocrx_word' id='word_1_219' title='bbox 1745 3043 1850 3106; x_wconf 86' lang='lat' dir='ltr'><strong>eodem</strong></span> 
     </span>
    </p>
   </div>
   <div class='ocr_carea' id='block_1_4' title="bbox 165 3141 1847 3240">
    <p class='ocr_par' dir='ltr' id='par_1_4' title="bbox 165 3141 1847 3240">
     <span class='ocr_line' id='line_1_18' title="bbox 165 3141 1847 3240; baseline -0.001 -23"><span class='ocrx_word' id='word_1_220' title='bbox 165 3234 167 3240; x_wconf 13' lang='lat'><strong>¹</strong></span> <span class='ocrx_word' id='word_1_221' title='bbox 276 3171 383 3231; x_wconf 70' lang='lat' dir='ltr'><strong>mun,</strong></span> <span class='ocrx_word' id='word_1_222' title='bbox 406 3171 466 3230; x_wconf 91' lang='lat' dir='ltr'><strong>quo</strong></span> <span class='ocrx_word' id='word_1_223' title='bbox 486 3153 593 3229; x_wconf 76' lang='lat' dir='ltr'><strong>legitur</strong></span> <span class='ocrx_word' id='word_1_224' title='bbox 614 3141 640 3214; x_wconf 82' lang='lat' dir='ltr'><strong>u.</strong></span> <span class='ocrx_word' id='word_1_225' title='bbox 661 3152 712 3212; x_wconf 70' lang='grc' dir='ltr'><strong>ιθ.</strong></span> <span class='ocrx_word' id='word_1_226' title='bbox 737 3172 786 3226; x_wconf 77' lang='lat' dir='ltr'><strong>,eo</strong></span> <span class='ocrx_word' id='word_1_227' title='bbox 805 3149 844 3210; x_wconf 91' lang='lat' dir='ltr'><strong>ad</strong></span> <span class='ocrx_word' id='word_1_228' title='bbox 867 3159 1026 3212; x_wconf 70' lang='lat' dir='ltr'><strong>mamam</strong></span> <span class='ocrx_word' id='word_1_229' title='bbox 1048 3153 1155 3227; x_wconf 71' lang='lat' dir='ltr'><strong>baptor</strong></span> <span class='ocrx_word' id='word_1_230' title='bbox 1176 3151 1294 3210; x_wconf 51' lang='lat' dir='ltr'><strong>matred</strong></span> <span class='ocrx_word' id='word_1_231' title='bbox 1340 3151 1400 3212; x_wconf 77' lang='lat' dir='ltr'><strong>Alit</strong></span> <span class='ocrx_word' id='word_1_232' title='bbox 1421 3150 1499 3212; x_wconf 85' lang='lat' dir='ltr'><strong>banc</strong></span> <span class='ocrx_word' id='word_1_233' title='bbox 1520 3158 1696 3215; x_wconf 76' lang='lat' dir='ltr'><strong>sententiam</strong></span> <span class='ocrx_word' id='word_1_234' title='bbox 1717 3155 1847 3232; x_wconf 83' lang='lat' dir='ltr'><strong>proban·</strong></span> 
     </span>
    </p>
   </div>
   <div class='ocr_carea' id='block_1_5' title="bbox 271 3261 1847 5135">
    <p class='ocr_par' dir='ltr' id='par_1_5' title="bbox 271 3261 1847 5135">
     <span class='ocr_line' id='line_1_19' title="bbox 275 3261 1847 3344; baseline 0.001 -16"><span class='ocrx_word' id='word_1_235' title='bbox 275 3276 329 3338; x_wconf 85' lang='lat' dir='ltr'><strong>tea,</strong></span> <span class='ocrx_word' id='word_1_236' title='bbox 352 3264 404 3326; x_wconf 81' lang='lat' dir='ltr'><strong>aad</strong></span> <span class='ocrx_word' id='word_1_237' title='bbox 426 3265 549 3323; x_wconf 66' lang='lat' dir='ltr'><strong>merdae</strong></span> <span class='ocrx_word' id='word_1_238' title='bbox 571 3266 598 3324; x_wconf 93' lang='lat' dir='ltr'><strong>ei</strong></span> <span class='ocrx_word' id='word_1_239' title='bbox 620 3281 680 3324; x_wconf 91' lang='lat' dir='ltr'><strong>non</strong></span> <span class='ocrx_word' id='word_1_240' title='bbox 697 3265 854 3323; x_wconf 80' lang='lat' dir='ltr'><strong>convenire</strong></span> <span class='ocrx_word' id='word_1_241' title='bbox 876 3265 941 3340; x_wconf 89' lang='lat' dir='ltr'><strong>reti,</strong></span> <span class='ocrx_word' id='word_1_242' title='bbox 963 3279 1016 3340; x_wconf 87' lang='lat' dir='ltr'><strong>pro</strong></span> <span class='ocrx_word' id='word_1_243' title='bbox 1037 3279 1073 3322; x_wconf 82' lang='lat' dir='ltr'><strong>ao</strong></span> <span class='ocrx_word' id='word_1_244' title='bbox 1095 3261 1262 3322; x_wconf 86' lang='lat' dir='ltr'><strong>maluerunt</strong></span> <span class='ocrx_word' id='word_1_245' title='bbox 1282 3262 1425 3334; x_wconf 74' lang='grc' dir='ltr'>ιιιιάιιι,</span> <span class='ocrx_word' id='word_1_246' title='bbox 1446 3265 1592 3337; x_wconf 70' lang='lat' dir='ltr'><strong>madar,</strong></span> <span class='ocrx_word' id='word_1_247' title='bbox 1613 3266 1747 3342; x_wconf 71' lang='lat' dir='ltr'><strong>mallee,</strong></span> <span class='ocrx_word' id='word_1_248' title='bbox 1770 3285 1847 3344; x_wconf 87' lang='lat' dir='ltr'><strong>quea</strong></span> 
     </span>
     <span class='ocr_line' id='line_1_20' title="bbox 275 3373 1847 3454; baseline 0.001 -16"><span class='ocrx_word' id='word_1_249' title='bbox 275 3379 374 3438; x_wconf 83' lang='lat' dir='ltr'><strong>urnula</strong></span> <span class='ocrx_word' id='word_1_250' title='bbox 394 3375 477 3436; x_wconf 89' lang='lat' dir='ltr'><strong>rribili</strong></span> <span class='ocrx_word' id='word_1_251' title='bbox 495 3384 579 3453; x_wconf 88' lang='lat' dir='ltr'><strong>eunt,</strong></span> <span class='ocrx_word' id='word_1_252' title='bbox 599 3380 625 3435; x_wconf 88' lang='lat' dir='ltr'><strong>al</strong></span> <span class='ocrx_word' id='word_1_253' title='bbox 647 3375 837 3450; x_wconf 81' lang='lat' dir='ltr'><strong>latinitatem,</strong></span> <span class='ocrx_word' id='word_1_254' title='bbox 863 3373 1073 3436; x_wconf 65' lang='lat' dir='ltr'><strong>inaudibiliter</strong></span> <span class='ocrx_word' id='word_1_255' title='bbox 1094 3391 1248 3451; x_wconf 84' lang='lat' dir='ltr'><strong>parvaree,</strong></span> <span class='ocrx_word' id='word_1_256' title='bbox 1274 3377 1300 3434; x_wconf 88' lang='lat' dir='ltr'><strong>ai</strong></span> <span class='ocrx_word' id='word_1_257' title='bbox 1330 3380 1505 3437; x_wconf 65' lang='lat' dir='ltr'><strong>muntium</strong></span> <span class='ocrx_word' id='word_1_258' title='bbox 1534 3386 1660 3454; x_wconf 75' lang='lat' dir='ltr'><strong>epactae.</strong></span> <span class='ocrx_word' id='word_1_259' title='bbox 1702 3377 1778 3438; x_wconf 87' lang='lat' dir='ltr'><strong>Nam</strong></span> <span class='ocrx_word' id='word_1_260' title='bbox 1805 3381 1847 3440; x_wconf 90' lang='lat' dir='ltr'><strong>lta</strong></span> 
     </span>
     <span class='ocr_line' id='line_1_21' title="bbox 273 3485 1846 3567; baseline 0.003 -19"><span class='ocrx_word' id='word_1_261' title='bbox 273 3489 392 3549; x_wconf 80' lang='lat' dir='ltr'><strong>&#39;l&#39;acitne</strong></span> <span class='ocrx_word' id='word_1_262' title='bbox 413 3505 556 3548; x_wconf 83' lang='lat' dir='ltr'><strong>rammam</strong></span> <span class='ocrx_word' id='word_1_263' title='bbox 576 3487 693 3547; x_wconf 88' lang='lat' dir='ltr'><strong>leudem</strong></span> <span class='ocrx_word' id='word_1_264' title='bbox 713 3490 750 3546; x_wconf 87' lang='lat' dir='ltr'><strong>iia</strong></span> <span class='ocrx_word' id='word_1_265' title='bbox 773 3487 930 3564; x_wconf 87' lang='lat' dir='ltr'><strong>tribueret,</strong></span> <span class='ocrx_word' id='word_1_266' title='bbox 960 3490 1009 3563; x_wconf 90' lang='lat' dir='ltr'><strong>qui</strong></span> <span class='ocrx_word' id='word_1_267' title='bbox 1032 3485 1188 3546; x_wconf 77' lang='lat' dir='ltr'><strong>ambitione</strong></span> <span class='ocrx_word' id='word_1_268' title='bbox 1209 3493 1301 3547; x_wconf 91' lang='lat' dir='ltr'><strong>morta</strong></span> <span class='ocrx_word' id='word_1_269' title='bbox 1323 3486 1535 3567; x_wconf 76' lang='lat' dir='ltr'><strong>inclaruerunt,</strong></span> <span class='ocrx_word' id='word_1_270' title='bbox 1552 3489 1589 3550; x_wconf 88' lang='lat' dir='ltr'><strong>ad</strong></span> <span class='ocrx_word' id='word_1_271' title='bbox 1611 3505 1737 3566; x_wconf 88' lang='lat' dir='ltr'><strong>eamque</strong></span> <span class='ocrx_word' id='word_1_272' title='bbox 1758 3507 1846 3552; x_wconf 87' lang='lat' dir='ltr'><strong>ecca·</strong></span> 
     </span>
     <span class='ocr_line' id='line_1_22' title="bbox 275 3597 1845 3680; baseline 0.001 -16"><span class='ocrx_word' id='word_1_273' title='bbox 275 3603 343 3664; x_wconf 90' lang='lat' dir='ltr'><strong>dare</strong></span> <span class='ocrx_word' id='word_1_274' title='bbox 370 3601 479 3662; x_wconf 86' lang='lat' dir='ltr'><strong>dicarat</strong></span> <span class='ocrx_word' id='word_1_275' title='bbox 507 3600 679 3676; x_wconf 76' lang='lat' dir='ltr'><strong>obsequium</strong></span> <span class='ocrx_word' id='word_1_276' title='bbox 711 3608 741 3660; x_wconf 92' lang='lat' dir='ltr'><strong>at</strong></span> <span class='ocrx_word' id='word_1_277' title='bbox 769 3598 960 3674; x_wconf 66' lang='lat' dir='ltr'><strong>modoetiam</strong></span> <span class='ocrx_word' id='word_1_278' title='bbox 988 3597 1067 3674; x_wconf 94' lang='lat' dir='ltr'><strong>quod</strong></span> <span class='ocrx_word' id='word_1_279' title='bbox 1095 3607 1208 3659; x_wconf 90' lang='lat' dir='ltr'><strong>tantum</strong></span> <span class='ocrx_word' id='word_1_280' title='bbox 1237 3597 1334 3658; x_wconf 84' lang='lat' dir='ltr'><strong>abluit</strong></span> <span class='ocrx_word' id='word_1_281' title='bbox 1354 3607 1387 3658; x_wconf 90' lang='grc' dir='ltr'><strong>ιιι</strong></span> <span class='ocrx_word' id='word_1_282' title='bbox 1408 3599 1505 3661; x_wconf 87' lang='lat' dir='ltr'><strong>dicere</strong></span> <span class='ocrx_word' id='word_1_283' title='bbox 1526 3599 1669 3676; x_wconf 81' lang='lat' dir='ltr'><strong>voluerit,</strong></span> <span class='ocrx_word' id='word_1_284' title='bbox 1699 3615 1731 3662; x_wconf 89' lang='lat' dir='ltr'><strong>ut</strong></span> <span class='ocrx_word' id='word_1_285' title='bbox 1757 3603 1845 3680; x_wconf 89' lang='lat' dir='ltr'><strong>plana</strong></span> 
     </span>
     <span class='ocr_line' id='line_1_23' title="bbox 275 3708 1844 3787; baseline 0.001 -12"><span class='ocrx_word' id='word_1_286' title='bbox 275 3719 449 3775; x_wconf 86' lang='lat' dir='ltr'><strong>contrarium</strong></span> <span class='ocrx_word' id='word_1_287' title='bbox 472 3711 585 3771; x_wconf 85' lang='lat' dir='ltr'><strong>dixerit.</strong></span> <span class='ocrx_word' id='word_1_288' title='bbox 630 3711 794 3772; x_wconf 64' lang='lat' dir='ltr'><strong>Maeonius</strong></span> <span class='ocrx_word' id='word_1_289' title='bbox 817 3719 862 3771; x_wconf 84' lang='lat' dir='ltr'><strong>eat</strong></span> <span class='ocrx_word' id='word_1_290' title='bbox 884 3711 914 3770; x_wconf 94' lang='lat' dir='ltr'><strong>id</strong></span> <span class='ocrx_word' id='word_1_291' title='bbox 937 3727 1014 3770; x_wconf 87' lang='lat' dir='ltr'><strong>unna</strong></span> <span class='ocrx_word' id='word_1_292' title='bbox 1036 3708 1176 3782; x_wconf 74' lang='lat' dir='ltr'><strong>werina,</strong></span> <span class='ocrx_word' id='word_1_293' title='bbox 1209 3727 1390 3787; x_wconf 81' lang='lat' dir='ltr'><strong>quamquem</strong></span> <span class='ocrx_word' id='word_1_294' title='bbox 1416 3715 1489 3772; x_wconf 85' lang='lat' dir='ltr'><strong>acite</strong></span> <span class='ocrx_word' id='word_1_295' title='bbox 1515 3717 1667 3773; x_wconf 83' lang='lat' dir='ltr'><strong>inventum</strong></span> <span class='ocrx_word' id='word_1_296' title='bbox 1687 3731 1747 3775; x_wconf 92' lang='lat' dir='ltr'><strong>non</strong></span> <span class='ocrx_word' id='word_1_297' title='bbox 1768 3721 1844 3778; x_wconf 86' lang='lat' dir='ltr'><strong>iuate</strong></span> 
     </span>
     <span class='ocr_line' id='line_1_24' title="bbox 274 3822 1844 3900; baseline -0.001 -13"><span class='ocrx_word' id='word_1_298' title='bbox 274 3830 411 3886; x_wconf 87' lang='lat' dir='ltr'><strong>cantione</strong></span> <span class='ocrx_word' id='word_1_299' title='bbox 430 3831 612 3900; x_wconf 79' lang='lat' dir='ltr'><strong>pereecntua.</strong></span> <span class='ocrx_word' id='word_1_300' title='bbox 657 3822 756 3883; x_wconf 85' lang='lat' dir='ltr'><strong>Verba</strong></span> <span class='ocrx_word' id='word_1_301' title='bbox 779 3825 856 3883; x_wconf 85' lang='lat' dir='ltr'><strong>enlm</strong></span> <span class='ocrx_word' id='word_1_302' title='bbox 878 3831 912 3884; x_wconf 93' lang='lat' dir='ltr'><strong>ut</strong></span> <span class='ocrx_word' id='word_1_303' title='bbox 932 3841 999 3883; x_wconf 90' lang='lat' dir='ltr'><strong>cnm</strong></span> <span class='ocrx_word' id='word_1_304' title='bbox 1019 3825 1180 3896; x_wconf 75' lang='lat' dir='ltr'><strong>contenda,</strong></span> <span class='ocrx_word' id='word_1_305' title='bbox 1212 3837 1288 3898; x_wconf 88' lang='lat' dir='ltr'><strong>qnae</strong></span> <span class='ocrx_word' id='word_1_306' title='bbox 1309 3825 1478 3900; x_wconf 87' lang='lat' dir='ltr'><strong>requiritur,</strong></span> <span class='ocrx_word' id='word_1_307' title='bbox 1510 3823 1691 3900; x_wconf 83' lang='lat' dir='ltr'><strong>conciliaret,</strong></span> <span class='ocrx_word' id='word_1_308' title='bbox 1715 3825 1752 3884; x_wconf 88' lang='lat' dir='ltr'><strong>ad</strong></span> <span class='ocrx_word' id='word_1_309' title='bbox 1774 3831 1844 3886; x_wconf 86' lang='lat' dir='ltr'><strong>arti·</strong></span> 
     </span>
     <span class='ocr_line' id='line_1_25' title="bbox 273 3933 1841 4013; baseline 0 -15"><span class='ocrx_word' id='word_1_310' title='bbox 273 3938 371 3998; x_wconf 85' lang='lat' dir='ltr'><strong>bolum</strong></span> <span class='ocrx_word' id='word_1_311' title='bbox 401 3951 486 3997; x_wconf 84' lang='lat' dir='ltr'><strong>auam</strong></span> <span class='ocrx_word' id='word_1_312' title='bbox 514 3935 551 3994; x_wconf 91' lang='lat' dir='ltr'><strong>da</strong></span> <span class='ocrx_word' id='word_1_313' title='bbox 572 3936 759 4013; x_wconf 77' lang='lat' dir='ltr'><strong>glomamatia</strong></span> <span class='ocrx_word' id='word_1_314' title='bbox 787 3935 885 3996; x_wconf 86' lang='lat' dir='ltr'><strong>eliano</strong></span> <span class='ocrx_word' id='word_1_315' title='bbox 914 3933 979 3994; x_wconf 87' lang='lat' dir='ltr'><strong>loco</strong></span> <span class='ocrx_word' id='word_1_316' title='bbox 1007 3935 1093 3995; x_wconf 90' lang='lat' dir='ltr'><strong>illatia</strong></span> <span class='ocrx_word' id='word_1_317' title='bbox 1120 3933 1291 4009; x_wconf 75' lang='lat' dir='ltr'><strong>confugient</strong></span> <span class='ocrx_word' id='word_1_318' title='bbox 1318 3933 1375 3995; x_wconf 92' lang='lat' dir='ltr'><strong>boo</strong></span> <span class='ocrx_word' id='word_1_319' title='bbox 1406 3939 1600 4012; x_wconf 71' lang='lat' dir='ltr'><strong>excogitavit,</strong></span> <span class='ocrx_word' id='word_1_320' title='bbox 1629 3937 1755 3998; x_wconf 85' lang='lat' dir='ltr'><strong>acribam</strong></span> <span class='ocrx_word' id='word_1_321' title='bbox 1785 3938 1841 3998; x_wconf 85' lang='lat' dir='ltr'><strong>eii-</strong></span> 
     </span>
     <span class='ocr_line' id='line_1_26' title="bbox 275 4045 1843 4128; baseline 0.001 -18"><span class='ocrx_word' id='word_1_322' title='bbox 275 4065 361 4128; x_wconf 87' lang='lat' dir='ltr'><strong>qncm</strong></span> <span class='ocrx_word' id='word_1_323' title='bbox 388 4057 523 4124; x_wconf 75' lang='lat' dir='ltr'><strong>corrupta</strong></span> <span class='ocrx_word' id='word_1_324' title='bbox 544 4047 669 4108; x_wconf 74' lang='lat' dir='ltr'><strong>borona</strong></span> <span class='ocrx_word' id='word_1_325' title='bbox 695 4067 731 4106; x_wconf 78' lang='lat' dir='ltr'><strong>eo</strong></span> <span class='ocrx_word' id='word_1_326' title='bbox 759 4051 880 4110; x_wconf 82' lang='lat' dir='ltr'><strong>invente</strong></span> <span class='ocrx_word' id='word_1_327' title='bbox 905 4054 1013 4106; x_wconf 86' lang='lat' dir='ltr'><strong>rectam</strong></span> <span class='ocrx_word' id='word_1_328' title='bbox 1041 4049 1104 4106; x_wconf 86' lang='lat' dir='ltr'><strong>eiua</strong></span> <span class='ocrx_word' id='word_1_329' title='bbox 1132 4045 1364 4106; x_wconf 71' lang='lat' dir='ltr'><strong>emendationem</strong></span> <span class='ocrx_word' id='word_1_330' title='bbox 1394 4061 1482 4106; x_wconf 77' lang='lat' dir='ltr'><strong>aaron</strong></span> <span class='ocrx_word' id='word_1_331' title='bbox 1512 4052 1633 4122; x_wconf 74' lang='lat' dir='ltr'><strong>margini</strong></span> <span class='ocrx_word' id='word_1_332' title='bbox 1663 4051 1843 4127; x_wconf 83' lang='lat' dir='ltr'><strong>appinxiaaa,</strong></span> 
     </span>
     <span class='ocr_line' id='line_1_27' title="bbox 274 4135 1842 4239; baseline 0 -17"><span class='ocrx_word' id='word_1_333' title='bbox 274 4161 362 4239; x_wconf 90' lang='lat' dir='ltr'><strong>idque</strong></span> <span class='ocrx_word' id='word_1_334' title='bbox 390 4164 554 4238; x_wconf 86' lang='lat' dir='ltr'><strong>proximum</strong></span> <span class='ocrx_word' id='word_1_335' title='bbox 584 4159 709 4220; x_wconf 83' lang='lat' dir='ltr'><strong>acribem</strong></span> <span class='ocrx_word' id='word_1_336' title='bbox 736 4157 810 4220; x_wconf 84' lang='lat' dir='ltr'><strong>ialao</strong></span> <span class='ocrx_word' id='word_1_337' title='bbox 839 4135 1023 4220; x_wconf 81' lang='lat' dir='ltr'><strong>antecedenti</strong></span> <span class='ocrx_word' id='word_1_338' title='bbox 1050 4162 1140 4235; x_wconf 88' lang='lat' dir='ltr'><strong>capiti</strong></span> <span class='ocrx_word' id='word_1_339' title='bbox 1168 4161 1337 4218; x_wconf 86' lang='lat' dir='ltr'><strong>iuaoruiaae.</strong></span> <span class='ocrx_word' id='word_1_340' title='bbox 1392 4157 1479 4218; x_wconf 84' lang='lat' dir='ltr'><strong>Hanc</strong></span> <span class='ocrx_word' id='word_1_341' title='bbox 1510 4163 1596 4236; x_wconf 79' lang='lat' dir='ltr'><strong>igitur</strong></span> <span class='ocrx_word' id='word_1_342' title='bbox 1626 4165 1724 4237; x_wconf 77' lang='lat' dir='ltr'><strong>quaai&#39;</strong></span> <span class='ocrx_word' id='word_1_343' title='bbox 1740 4175 1842 4222; x_wconf 73' lang='lat' dir='ltr'><strong>eneam</strong></span> 
     </span>
     <span class='ocr_line' id='line_1_28' title="bbox 274 4265 1840 4348; baseline -0.002 -13"><span class='ocrx_word' id='word_1_344' title='bbox 274 4272 448 4335; x_wconf 72' lang='lat' dir='ltr'><strong>mendendl</strong></span> <span class='ocrx_word' id='word_1_345' title='bbox 469 4276 613 4348; x_wconf 82' lang='lat' dir='ltr'><strong>arrlplena</strong></span> <span class='ocrx_word' id='word_1_346' title='bbox 635 4272 758 4332; x_wconf 81' lang='lat' dir='ltr'><strong>coniecit</strong></span> <span class='ocrx_word' id='word_1_347' title='bbox 779 4273 919 4348; x_wconf 83' lang='lat' dir='ltr'><strong>acrlptum</strong></span> <span class='ocrx_word' id='word_1_348' title='bbox 939 4273 1032 4332; x_wconf 84' lang='lat' dir='ltr'><strong>luixac</strong></span> <span class='ocrx_word' id='word_1_349' title='bbox 1054 4287 1167 4328; x_wconf 81' lang='lat' dir='ltr'><strong>aarum</strong></span> <span class='ocrx_word' id='word_1_350' title='bbox 1188 4265 1298 4331; x_wconf 79' lang='lat' dir='ltr'><strong>lauder</strong></span> <span class='ocrx_word' id='word_1_351' title='bbox 1331 4269 1472 4340; x_wconf 68' lang='lat' dir='ltr'><strong>areum,</strong></span> <span class='ocrx_word' id='word_1_352' title='bbox 1501 4275 1564 4348; x_wconf 85' lang='lat' dir='ltr'><strong>qui</strong></span> <span class='ocrx_word' id='word_1_353' title='bbox 1652 4271 1840 4332; x_wconf 71' lang='lat' dir='ltr'><strong>inclaruerunt.</strong></span> 
     </span>
     <span class='ocr_line' id='line_1_29' title="bbox 272 4379 1840 4463; baseline -0.002 -16"><span class='ocrx_word' id='word_1_354' title='bbox 272 4387 333 4448; x_wconf 83' lang='lat' dir='ltr'><strong>Sed</strong></span> <span class='ocrx_word' id='word_1_355' title='bbox 353 4390 420 4463; x_wconf 86' lang='lat' dir='ltr'><strong>quie</strong></span> <span class='ocrx_word' id='word_1_356' title='bbox 443 4385 499 4444; x_wconf 86' lang='lat' dir='ltr'><strong>eibi</strong></span> <span class='ocrx_word' id='word_1_357' title='bbox 522 4382 697 4460; x_wconf 72' lang='lat' dir='ltr'><strong>persuadeat</strong></span> <span class='ocrx_word' id='word_1_358' title='bbox 718 4382 865 4442; x_wconf 86' lang='lat' dir='ltr'><strong>librarium</strong></span> <span class='ocrx_word' id='word_1_359' title='bbox 887 4381 978 4459; x_wconf 85' lang='lat' dir='ltr'><strong>illum,</strong></span> <span class='ocrx_word' id='word_1_360' title='bbox 1002 4401 1092 4458; x_wconf 88' lang='lat' dir='ltr'><strong>quam</strong></span> <span class='ocrx_word' id='word_1_361' title='bbox 1112 4381 1234 4442; x_wconf 83' lang='lat' dir='ltr'><strong>Wexiua</strong></span> <span class='ocrx_word' id='word_1_362' title='bbox 1253 4379 1339 4456; x_wconf 64' lang='lat' dir='ltr'><strong>linffl&#39;t</strong></span> <span class='ocrx_word' id='word_1_363' title='bbox 1360 4390 1524 4458; x_wconf 83' lang='lat' dir='ltr'><strong>ocmuptam</strong></span> <span class='ocrx_word' id='word_1_364' title='bbox 1547 4387 1718 4460; x_wconf 74' lang='lat' dir='ltr'><strong>scriptoram</strong></span> <span class='ocrx_word' id='word_1_365' title='bbox 1738 4401 1840 4448; x_wconf 83' lang='lat' dir='ltr'><strong>emen-</strong></span> 
     </span>
     <span class='ocr_line' id='line_1_30' title="bbox 273 4493 1841 4572; baseline -0.002 -13"><span class='ocrx_word' id='word_1_366' title='bbox 273 4497 342 4559; x_wconf 83' lang='lat' dir='ltr'><strong>dare</strong></span> <span class='ocrx_word' id='word_1_367' title='bbox 364 4495 512 4572; x_wconf 86' lang='lat' dir='ltr'><strong>roluiaea,</strong></span> <span class='ocrx_word' id='word_1_368' title='bbox 535 4495 601 4555; x_wconf 86' lang='lat' dir='ltr'><strong>eolo</strong></span> <span class='ocrx_word' id='word_1_369' title='bbox 621 4513 710 4552; x_wconf 79' lang='lat' dir='ltr'><strong>corna</strong></span> <span class='ocrx_word' id='word_1_370' title='bbox 732 4497 902 4571; x_wconf 86' lang='lat' dir='ltr'><strong>pronomine</strong></span> <span class='ocrx_word' id='word_1_371' title='bbox 923 4493 954 4554; x_wconf 93' lang='lat' dir='ltr'><strong>id</strong></span> <span class='ocrx_word' id='word_1_372' title='bbox 975 4495 1147 4572; x_wconf 86' lang='lat' dir='ltr'><strong>perieciaae,</strong></span> <span class='ocrx_word' id='word_1_373' title='bbox 1170 4501 1281 4554; x_wconf 86' lang='lat' dir='ltr'><strong>ceterae</strong></span> <span class='ocrx_word' id='word_1_374' title='bbox 1304 4507 1392 4552; x_wconf 85' lang='lat' dir='ltr'><strong>roceo</strong></span> <span class='ocrx_word' id='word_1_375' title='bbox 1414 4495 1540 4556; x_wconf 83' lang='lat' dir='ltr'><strong>intactae</strong></span> <span class='ocrx_word' id='word_1_376' title='bbox 1562 4495 1736 4571; x_wconf 80' lang='lat' dir='ltr'><strong>reliquiaael</strong></span> <span class='ocrx_word' id='word_1_377' title='bbox 1780 4497 1841 4556; x_wconf 79' lang='lat' dir='ltr'><strong>Aut</strong></span> 
     </span>
     <span class='ocr_line' id='line_1_31' title="bbox 273 4603 1840 4688; baseline -0.003 -14"><span class='ocrx_word' id='word_1_378' title='bbox 273 4627 349 4688; x_wconf 85' lang='lat' dir='ltr'><strong>quae</strong></span> <span class='ocrx_word' id='word_1_379' title='bbox 370 4609 537 4670; x_wconf 79' lang='lat' dir='ltr'><strong>emendatio</strong></span> <span class='ocrx_word' id='word_1_380' title='bbox 558 4624 625 4668; x_wconf 85' lang='lat' dir='ltr'><strong>esee</strong></span> <span class='ocrx_word' id='word_1_381' title='bbox 644 4615 762 4685; x_wconf 82' lang='lat' dir='ltr'><strong>pateat,</strong></span> <span class='ocrx_word' id='word_1_382' title='bbox 787 4624 848 4684; x_wconf 91' lang='lat' dir='ltr'><strong>qua</strong></span> <span class='ocrx_word' id='word_1_383' title='bbox 874 4605 1003 4666; x_wconf 77' lang='lat' dir='ltr'><strong>admissa</strong></span> <span class='ocrx_word' id='word_1_384' title='bbox 1032 4605 1123 4666; x_wconf 86' lang='lat' dir='ltr'><strong>rerba</strong></span> <span class='ocrx_word' id='word_1_385' title='bbox 1151 4607 1300 4682; x_wconf 77' lang='lat' dir='ltr'><strong>scriptoria</strong></span> <span class='ocrx_word' id='word_1_386' title='bbox 1325 4603 1420 4664; x_wconf 89' lang='lat' dir='ltr'><strong>multo</strong></span> <span class='ocrx_word' id='word_1_387' title='bbox 1448 4610 1640 4683; x_wconf 85' lang='lat' dir='ltr'><strong>corruptiore,</strong></span> <span class='ocrx_word' id='word_1_388' title='bbox 1671 4609 1840 4670; x_wconf 88' lang='lat' dir='ltr'><strong>obeonriora</strong></span> 
     </span>
     <span class='ocr_line' id='line_1_32' title="bbox 272 4715 1838 4798; baseline -0.001 -16"><span class='ocrx_word' id='word_1_389' title='bbox 272 4731 302 4782; x_wconf 89' lang='lat' dir='ltr'><strong>et</strong></span> <span class='ocrx_word' id='word_1_390' title='bbox 320 4725 409 4798; x_wconf 84' lang='lat' dir='ltr'><strong>plane</strong></span> <span class='ocrx_word' id='word_1_391' title='bbox 437 4718 656 4794; x_wconf 80' lang='lat' dir='ltr'><strong>inexplicabilia</strong></span> <span class='ocrx_word' id='word_1_392' title='bbox 683 4718 777 4778; x_wconf 84' lang='lat' dir='ltr'><strong>fiunti</strong></span> <span class='ocrx_word' id='word_1_393' title='bbox 823 4718 959 4778; x_wconf 86' lang='lat' dir='ltr'><strong>Proiecto</strong></span> <span class='ocrx_word' id='word_1_394' title='bbox 988 4721 1067 4779; x_wconf 86' lang='lat' dir='ltr'><strong>enim</strong></span> <span class='ocrx_word' id='word_1_395' title='bbox 1095 4717 1175 4778; x_wconf 84' lang='lat' dir='ltr'><strong>nudo</strong></span> <span class='ocrx_word' id='word_1_396' title='bbox 1203 4715 1269 4778; x_wconf 92' lang='lat' dir='ltr'><strong>loco</strong></span> <span class='ocrx_word' id='word_1_397' title='bbox 1292 4718 1388 4792; x_wconf 80' lang='lat' dir='ltr'><strong>magia</strong></span> <span class='ocrx_word' id='word_1_398' title='bbox 1416 4717 1526 4794; x_wconf 88' lang='lat' dir='ltr'><strong>clucet,</strong></span> <span class='ocrx_word' id='word_1_399' title='bbox 1557 4736 1644 4795; x_wconf 87' lang='lat' dir='ltr'><strong>quarn</strong></span> <span class='ocrx_word' id='word_1_400' title='bbox 1673 4723 1838 4782; x_wconf 84' lang='lat' dir='ltr'><strong>intricatum</strong></span> 
     </span>
     <span class='ocr_line' id='line_1_33' title="bbox 273 4828 1838 4908; baseline -0.001 -15"><span class='ocrx_word' id='word_1_401' title='bbox 273 4843 303 4895; x_wconf 90' lang='lat' dir='ltr'><strong>et</strong></span> <span class='ocrx_word' id='word_1_402' title='bbox 323 4843 540 4894; x_wconf 69' lang='lat' dir='ltr'><strong>monetmonet</strong></span> <span class='ocrx_word' id='word_1_403' title='bbox 568 4833 608 4892; x_wconf 92' lang='lat' dir='ltr'><strong>ait</strong></span> <span class='ocrx_word' id='word_1_404' title='bbox 637 4839 731 4892; x_wconf 92' lang='lat' dir='ltr'><strong>tctnm</strong></span> <span class='ocrx_word' id='word_1_405' title='bbox 759 4830 832 4890; x_wconf 91' lang='lat' dir='ltr'><strong>illnd</strong></span> <span class='ocrx_word' id='word_1_406' title='bbox 862 4837 1058 4892; x_wconf 86' lang='lat' dir='ltr'><strong>commentum</strong></span> <span class='ocrx_word' id='word_1_407' title='bbox 1088 4830 1125 4890; x_wconf 91' lang='lat' dir='ltr'><strong>de</strong></span> <span class='ocrx_word' id='word_1_408' title='bbox 1154 4831 1318 4890; x_wconf 74' lang='lat' dir='ltr'><strong>cemimus</strong></span> <span class='ocrx_word' id='word_1_409' title='bbox 1345 4830 1376 4888; x_wconf 89' lang='lat' dir='ltr'><strong>in</strong></span> <span class='ocrx_word' id='word_1_410' title='bbox 1405 4828 1505 4890; x_wconf 83' lang='lat' dir='ltr'><strong>aliena</strong></span> <span class='ocrx_word' id='word_1_411' title='bbox 1533 4830 1622 4890; x_wconf 86' lang='lat' dir='ltr'><strong>rerba</strong></span> <span class='ocrx_word' id='word_1_412' title='bbox 1652 4831 1838 4908; x_wconf 73' lang='lat' dir='ltr'><strong>glossemate</strong></span> 
     </span>
     <span class='ocr_line' id='line_1_34' title="bbox 271 4939 1836 5022; baseline -0.001 -17"><span class='ocrx_word' id='word_1_413' title='bbox 271 4948 451 5022; x_wconf 74' lang='lat' dir='ltr'><strong>margiaiqne</strong></span> <span class='ocrx_word' id='word_1_414' title='bbox 473 4943 629 5020; x_wconf 87' lang='lat' dir='ltr'><strong>adeoriptia</strong></span> <span class='ocrx_word' id='word_1_415' title='bbox 651 4942 906 5020; x_wconf 63' lang='lat' dir='ltr'><strong>cunctamina,</strong></span> <span class='ocrx_word' id='word_1_416' title='bbox 929 4960 1006 5020; x_wconf 86' lang='lat' dir='ltr'><strong>quae</strong></span> <span class='ocrx_word' id='word_1_417' title='bbox 1026 4960 1172 5021; x_wconf 74' lang='lat' dir='ltr'><strong>nunquam</strong></span> <span class='ocrx_word' id='word_1_418' title='bbox 1190 4941 1317 5016; x_wconf 86' lang='lat' dir='ltr'><strong>babent,</strong></span> <span class='ocrx_word' id='word_1_419' title='bbox 1347 4939 1426 5016; x_wconf 92' lang='lat' dir='ltr'><strong>quod</strong></span> <span class='ocrx_word' id='word_1_420' title='bbox 1448 4941 1608 5019; x_wconf 86' lang='lat' dir='ltr'><strong>explicent,</strong></span> <span class='ocrx_word' id='word_1_421' title='bbox 1630 4961 1777 5020; x_wconf 82' lang='lat' dir='ltr'><strong>nunquam</strong></span> <span class='ocrx_word' id='word_1_422' title='bbox 1799 4961 1836 5004; x_wconf 92' lang='lat' dir='ltr'><strong>ne</strong></span> 
     </span>
     <span class='ocr_line' id='line_1_35' title="bbox 271 5054 1837 5135; baseline -0.001 -17"><span class='ocrx_word' id='word_1_423' title='bbox 271 5057 371 5135; x_wconf 88' lang='lat' dir='ltr'><strong>apecla</strong></span> <span class='ocrx_word' id='word_1_424' title='bbox 394 5057 512 5132; x_wconf 90' lang='lat' dir='ltr'><strong>quidem</strong></span> <span class='ocrx_word' id='word_1_425' title='bbox 534 5054 695 5132; x_wconf 66' lang='lat' dir='ltr'><strong>quadem,</strong></span> <span class='ocrx_word' id='word_1_426' title='bbox 725 5071 873 5131; x_wconf 87' lang='lat' dir='ltr'><strong>nueqnam</strong></span> <span class='ocrx_word' id='word_1_427' title='bbox 895 5059 973 5120; x_wconf 83' lang='lat' dir='ltr'><strong>inata</strong></span> <span class='ocrx_word' id='word_1_428' title='bbox 995 5065 1024 5116; x_wconf 88' lang='lat' dir='ltr'><strong>ct</strong></span> <span class='ocrx_word' id='word_1_429' title='bbox 1045 5055 1190 5131; x_wconf 88' lang='lat' dir='ltr'><strong>probabili</strong></span> <span class='ocrx_word' id='word_1_430' title='bbox 1210 5056 1302 5118; x_wconf 84' lang='lat' dir='ltr'><strong>torma</strong></span> <span class='ocrx_word' id='word_1_431' title='bbox 1323 5063 1480 5132; x_wconf 85' lang='lat' dir='ltr'><strong>apparent,</strong></span> <span class='ocrx_word' id='word_1_432' title='bbox 1510 5062 1543 5117; x_wconf 92' lang='lat' dir='ltr'><strong>nt</strong></span> <span class='ocrx_word' id='word_1_433' title='bbox 1565 5058 1667 5118; x_wconf 87' lang='lat' dir='ltr'><strong>merito</strong></span> <span class='ocrx_word' id='word_1_434' title='bbox 1691 5055 1774 5116; x_wconf 89' lang='lat' dir='ltr'><strong>dioaa</strong></span> <span class='ocrx_word' id='word_1_435' title='bbox 1799 5071 1837 5116; x_wconf 88' lang='lat' dir='ltr'><strong>ee</strong></span> 
     </span>
    </p>
   </div>
   <div class='ocr_carea' id='block_1_6' title="bbox 0 0 2382 6208">
    <p class='ocr_par' dir='ltr' id='par_1_6' title="bbox 0 0 2382 6208">
     <span class='ocr_line' id='line_1_36' title="bbox 0 0 2382 6208; baseline 0 7"><span class='ocrx_word' id='word_1_436' title='bbox 0 0 2382 6208; x_wconf 95' lang='lat' dir='ltr'><strong> </strong></span> 
     </span>
    </p>
   </div>
  </div>
 </body>
</html>
