4754 6208
519 1258 668 1318 larvarum
691 1266 780 1332 atque
800 1255 944 1315 lemurum
966 1257 1073 1332 instet,
1096 1255 1215 1314 umbras
1236 1258 1300 1314 sine
1324 1271 1460 1332 corpore,
1484 1271 1520 1314 ex
1542 1253 1615 1315 locis
1635 1257 1829 1316 tenebricosis
1851 1256 2024 1338 sdrolitms,
2047 1271 2091 1322 ts·

519 1386 598 1428 mero
629 1371 858 1456 circumregari,
889 1367 1090 1441 lectorumque
1117 1374 1245 1426 mentem
1273 1383 1379 1426 vexere
1408 1382 1444 1425 nc
1473 1363 1625 1426 ludificari.
1677 1368 1800 1428 Reiects
1829 1372 1917 1446 igitur
1944 1369 2091 1433 Wexisns
2147 1347 2157 1371 ’

520 1481 674 1540 verborum
697 1483 858 1538 mutatione
883 1477 918 1537 ds
941 1479 1007 1553 ipsa
1030 1478 1164 1536 codicum
1187 1481 1330 1554 scripture
1353 1476 1522 1552 videamus,
1546 1496 1633 1554 qnam
1655 1479 1753 1540 iudico
1774 1483 1998 1556 integerrimum.
2043 1483 2089 1542 Ec

519 1595 597 1652 enirn
617 1609 677 1652 nou
699 1601 744 1652 est
765 1590 954 1666 adverbium,
978 1589 1057 1664 quod
1079 1589 1176 1649 locum
1197 1597 1250 1648 eut
1270 1589 1394 1664 gradum
1417 1589 1578 1666 significet,
1608 1590 1661 1650 sed
1687 1592 1836 1652 abletivus
1858 1593 1888 1650 td
1910 1599 2089 1669 pronominis
2115 1569 2119 1584 ¹

463 1711 465 1716 '
519 1705 710 1764 substantive
725 1706 832 1780 positi,
856 1700 935 1778 quod
958 1703 1069 1760 evincit
1090 1717 1180 1776 quum
1202 1700 1324 1758 ercederr
1343 1701 1482 1778 verbum,
1505 1710 1567 1760 tum
1589 1723 1641 1780 queo
1662 1704 1833 1780 relativum,
1857 1703 1937 1779 quod
1959 1723 2025 1767 oum
2046 1711 2089 1767 in·

520 1817 672 1874 doronem
695 1819 881 1876 coniunctum
910 1829 969 1872 non
1000 1823 1098 1888 potest
1127 1830 1186 1871 non
1214 1813 1339 1872 ablutiri
1362 1813 1589 1876 instrumentalis
1612 1823 1788 1890 poteststem
1809 1814 1927 1877 babere.
1971 1818 2036 1878 Iem
2056 1829 2090 1880 ut

519 1927 551 1984 td
569 1913 661 1984 laudo
680 1927 783 1986 dicitur
805 1943 858 2002 pro
880 1945 913 1983 ec
932 1925 1008 2002 leur,
1039 1929 1080 1982 ita
1102 1923 1223 1984 'l'ecitus
1253 1925 1413 1984 insolenter
1438 1923 1556 2000 quidem
1586 1927 1638 1986 sed
1667 1944 1726 1988 uon
1753 1929 1826 1987 eitra
1847 1932 1992 1990 rstionem
2014 1930 2089 1990 dixit

517 2057 546 2094 ec
565 2038 656 2095 tmen
678 2055 731 2114 pro
753 2057 786 2094 ec
806 2037 903 2113 laude,
932 2041 1012 2113 sire,
1042 2037 1120 2110 quod
1151 2035 1256 2096 melius
1285 2037 1360 2096 huic.
1381 2036 1448 2096 loco
1477 2042 1631 2114 convenit,
1662 2058 1691 2096 ec
1719 2039 1811 2096 lcudb
1839 2057 1951 2115 gerrem
1977 2045 2090 2120 cogitet

518 2152 594 2208 enim
618 2165 677 2209 non
699 2149 818 2210 laudem
839 2165 892 2225 per
913 2165 945 2208 ae
969 2159 1000 2207 et
1020 2152 1049 2206 iu
1072 2153 1261 2225 universum,
1281 2149 1334 2210 sed
1357 2147 1536 2224 peculiarem
1555 2150 1704 2226 quendam
1731 2153 1847 2227 ipsique
1873 2155 1992 2212 minime
2017 2171 2089 2229 pro·

518 2259 633 2336 bouum,
663 2263 711 2320 cui
739 2262 901 2321 sententies
931 2261 980 2320 vel
1008 2261 1134 2318 maxime
1161 2263 1284 2319 inservit
1312 2271 1446 2320 neutrum
1475 2265 1654 2336 pronominis
1691 2279 1759 2321 cum
1787 2265 1926 2338 partitive
1955 2269 2087 2340 genitivo

518 2373 715 2433 coniunctum.
758 2371 902 2448 Quoniam
921 2381 1020 2431 eutem
1043 2374 1093 2447 qui
1114 2371 1218 2428 excedit
1239 2371 1333 2449 alique
1355 2391 1384 2429 rs
1405 2389 1471 2432 eam
1489 2379 1551 2450 port
1571 2393 1599 2432 rr
1619 2373 1755 2452 relr'nqur't,
1777 2373 1807 2434 id
1829 2379 1873 2436 its
1893 2375 1930 2436 de
1946 2378 2090 2451 quslitsts

518 2495 548 2544 et
568 2484 663 2560 gradu
690 2483 763 2544 dixit
791 2493 906 2557 auctor,
937 2495 970 2544 ut
999 2487 1038 2544 sit
1058 2502 1112 2542 ren
1129 2503 1272 2560 raperere,
1300 2485 1348 2544 vel
1380 2484 1527 2561 rectique
1553 2487 1774 2562 pruertcrrtr'crern
1797 2505 1860 2546 erre.
1911 2484 2019 2548 Verbis
2046 2492 2089 2550 its

516 2601 581 2656 sina
601 2573 817 2672 praeconcepta
839 2598 976 2672 opinione
998 2594 1169 2672 intellectis,
1197 2600 1344 2656 sententia
1371 2611 1491 2672 prorsus
1520 2599 1639 2672 egregie
1668 2606 1699 2657 et
1720 2596 1816 2658 Tseiti
1847 2599 1971 2660 consilio
2000 2602 2087 2662 unka

517 2711 695 2770 conveniens
723 2707 821 2786 prodit
850 2708 940 2767 baec:
987 2706 1108 2782 „Sciam
1135 2739 1180 2750 -
1210 2708 1381 2784 obsequium
1404 2725 1440 2768 ac
1462 2707 1635 2768 modoetiam
1663 2739 1705 2750 -
1734 2728 1819 2786 repro
1840 2709 1871 2768 ul
1889 2709 1982 2768 lundis
2002 2731 2087 2788 grans

517 2821 601 2893 coelii,
623 2839 675 2899 quo
692 2821 814 2898 plerique
831 2847 872 2862 -
892 2819 1034 2877 anitum
1056 2825 1137 2894 morie
1159 2820 1352 2893 inclaruerunt,
1375 2824 1395 2903 i,
1418 2837 1445 2881 e.
1466 2820 1544 2895 lange
1561 2823 1784 2898 ursulentium
1804 2819 1912 2880 lenden
1932 2823 2093 2896 emersura,

515 2951 596 3011 quana
617 2933 794 2990 obstructione
815 2937 840 2988 el
863 2950 934 2988 nono
955 2931 1099 2988 ambitione
1121 2934 1269 3008 quantem
1289 2939 1414 3005 moriem,
1441 2951 1496 3010 quo
1517 2931 1596 2988 nulli
1615 2931 1805 2990 catumeum
1849 2931 2001 3008 Improbst
2028 2937 2088 3010 igi-

515 3055 562 3104 tur
583 3043 704 3104 Tacitus
727 3060 827 3103 eoram
849 3058 976 3119 rnorem,
1007 3046 1058 3118 qui
1079 3023 1163 3102 saevi
1185 3047 1299 3120 imperil
1321 3061 1341 3104 s
1361 3043 1441 3104 melo
1462 3045 1594 3119 principe
1616 3044 1734 3102 exerciti
1762 3045 1950 3119 impatientes
1981 3050 2087 3106 intem·

514 3160 632 3233 postire
653 3155 785 3216 libertate
807 3165 837 3214 et
858 3153 1029 3230 periculosis
1052 3154 1182 3214 consiliis
1204 3154 1267 3232 (per
1288 3156 1423 3234 abrupto)
1445 3163 1612 3232 uterentur,
1640 3171 1701 3214 non
1729 3171 1788 3232 qno
1813 3155 1993 3232 reipublicae
2016 3174 2087 3235 pro·

515 3257 634 3328 densent
656 3266 703 3337 (in
722 3266 824 3324 nullum
846 3269 912 3343 reip
936 3268 1040 3341 man),
1062 3265 1116 3327 sed
1141 3277 1183 3342 ut,
1205 3277 1297 3328 morte
1320 3267 1358 3328 ob
1379 3269 1573 3343 pervicaciam
1597 3265 1706 3342 effecb,
1729 3266 1854 3341 gloriam
1868 3283 1904 3327 eo
1919 3283 2083 3344 conseque·

514 3388 620 3440 rentur.
666 3377 722 3455 Qui
746 3395 835 3454 quum
856 3377 935 3436 mela
953 3377 1112 3438 ambitione
1133 3382 1205 3438 moti
1225 3382 1349 3457 principi
1371 3378 1583 3454 obniterentur,
1605 3377 1755 3438 honestior
1775 3395 1848 3438 aene
1869 3377 1923 3439 luit
1944 3379 2086 3455 Agricola

515 3503 545 3554 et
563 3492 649 3553 leude
673 3491 805 3566 dignior,
834 3495 883 3567 qni
904 3489 1078 3550 modestiam
1101 3500 1131 3550 et
1153 3491 1327 3568 obsequium
1348 3490 1526 3567 praestando
1546 3490 1614 3550 boni
1641 3491 1714 3548 civis
1735 3491 1902 3566 exemplum
1922 3489 2084 3566 praeberet.

514 3605 564 3665 sd
585 3603 724 3680 eandem,
756 3620 844 3680 quam
872 3603 1101 3679 illustravimus,
1130 3607 1305 3663 seutentiam
1337 3604 1418 3662 ducit
1444 3601 1543 3662 Wexii
1570 3603 1728 3676 scriptura3
1757 3601 1811 3662 sed
1837 3605 1976 3677 quonium
2002 3603 2086 3664 nulls

514 3717 650 3779 codicum
672 3719 845 3776 auctcrbnte
866 3719 984 3793 nititur,
1007 3715 1038 3774 bl
1060 3719 1160 3791 potius
1182 3715 1324 3792 sequendi
1347 3723 1423 3775 suut.

666 3827 700 3888 0.
723 3831 791 3906 di„
822 3828 872 3888 ubi
901 3827 1035 3886 hebltnm
1057 3827 1215 3902 Agricolae
1243 3827 1380 3887 describit
1400 3825 1537 3900 Tscitus,
1566 3829 1598 3884 in
1622 3823 1687 3884 ood.
1709 3822 1779 3882 Vnt.
1802 3825 1836 3884 Δ
1860 3823 1969 3899 legitur
1991 3827 2084 3886 rens·

512 3945 600 4003 sim'e:
634 3939 803 4019 ,decentior
827 3955 916 4016 qoem
937 3937 1090 3998 sublimior
1111 3939 1180 4016 iuit3
1210 3937 1282 3998 nibil
1303 3949 1399 4000 metus
1421 3944 1446 3996 et
1468 3939 1580 4014 inpetus
1598 3940 1629 3996 in
1652 3935 1753 4010 nullut
1780 3937 1876 4012 matie
1898 3939 1958 3996 oris
1979 3952 2084 4013 super-

513 4057 604 4116 οταν*
650 4051 711 4114 Sed
734 4067 823 4127 quum
845 4055 876 4109 in
891 4049 1009 4112 Vens
1028 4060 1123 4111 exstet
1147 4050 1237 4125 „nibil
1260 4055 1389 4128 impetus
1410 4054 1441 4109 iu
1463 4048 1576 4126 vultu,“
1601 4052 1629 4107 in
1653 4050 1783 4122 margins
1805 4055 1903 4106 autern
1923 4051 2084 4126 receptum

511 4171 552 4228 sit
572 4162 624 4225 Ar
646 4169 748 4235 nem,
779 4179 837 4239 quo
860 4161 932 4222 nibil
955 4162 1035 4222 aliud
1059 4163 1257 4240 significatur,
1290 4181 1378 4242 quarn
1404 4166 1433 4222 iu
1458 4160 1517 4221 sliu
1547 4158 1646 4219 codice
1673 4157 1771 4219 edbuo
1793 4157 1853 4236 legi
1875 4163 1977 4231 udus,
2006 4177 2083 4236 quse

511 4251 571 4341 ros
594 4295 665 4339 csso
688 4275 738 4336 vel
758 4274 940 4351 negligentis
961 4277 990 4333 in
1014 4275 1078 4334 cod.
1101 4275 1138 4338 Γ.
1161 4277 1285 4354 excidit,
1311 4275 1436 4336 stiue
1458 4273 1596 4348 Prolegg.
1621 4289 1650 4348 p.
1674 4271 1726 4332 99.
1754 4269 1904 4331 contendit
1931 4287 1994 4332 enm
2016 4289 2082 4332 οοοο

509 4395 685 4470 scripturam
715 4391 890 4464 genuinam,
921 4403 998 4462 quse
1027 4405 1064 4447 ex
1093 4391 1216 4464 antiquo
1241 4387 1342 4466 aliquo
1372 4385 1472 4447 codice
1500 4388 1531 4444 in
1561 4389 1692 4460 margine
1723 4382 1788 4444 cod.
1819 4383 1856 4444 Γ.
1885 4387 2005 4460 appion
2034 4389 2082 4446 sit.

510 4501 609 4580 Quum
631 4505 788 4562 onimium
810 4501 972 4576 antiquitus
994 4502 1278 4576 interpretamentum
1300 4506 1382 4556 netur
1404 4501 1488 4557 vocis
1509 4499 1540 4555 iu
1562 4499 1696 4572 margine
1723 4498 1852 4570 positum
1877 4493 1964 4554 inerit
1983 4500 2009 4552 st
2029 4499 2081 4554 isr-

507 4623 602 4696 pstsr,
623 4613 655 4674 ld
676 4617 707 4672 in
729 4613 793 4673 cod.
816 4611 854 4674 Γ.
877 4621 1087 4672 commutatum
1111 4585 1181 4672 'esse
1211 4629 1277 4672 curn
1306 4629 1377 4672 vera
1405 4609 1552 4685 lectione,
1581 4613 1612 4668 in
1643 4608 1709 4668 cod.
1735 4609 1769 4668 Δ
1799 4617 1898 4668 sutem
1927 4615 2081 4684 utrumque

510 4745 576 4791 essa
597 4731 628 4786 in
652 4725 807 4786 verborum
830 4723 961 4785 ordinem
983 4735 1140 4800 receptum.
1183 4722 1307 4783 Reiecto
1322 4726 1410 4799 igitur
1430 4721 1481 4782 illo
1502 4721 1682 4799 glossemate
1696 4719 1882 4780 scribendum
1902 4735 1969 4780 esse
1992 4718 2082 4792 „nitri

509 4847 593 4928 petru
612 4843 642 4898 in
662 4835 767 4896 rrrrltu.l
813 4835 909 4896 Falsis
938 4835 1012 4896 baec
1039 4835 1342 4913 argumentationibus
1372 4839 1426 4895 niti
1454 4839 1484 4894 in
1506 4841 1643 4911 promptu
1665 4843 1730 4910 est,
1757 4831 1903 4909 siquidem
1923 4829 1971 4908 id,
2001 4831 2082 4908 quod

509 4955 733 5016 incertissimum
754 4959 818 5027 est,
852 4946 918 5008 dieo
948 4951 1117 5024 opinionem
1139 4947 1176 5006 de
1196 4951 1310 5025 antiqui
1332 4946 1440 5007 codicia
1462 4950 1605 5024 scripture
1626 4953 1656 5005 et
1676 4945 1714 5005 de
1736 4949 1800 5006 eius
1821 4948 2079 5020 interpretemeoto

508 5067 632 5146 uergini
654 5066 797 5140 secripto,
826 5078 880 5139 pro
902 5069 983 5121 corto
1006 5065 1141 5140 ponitur,
1173 5060 1253 5137 quod
1274 5069 1373 5120 sutem
1394 5059 1482 5136 plene
1504 5071 1615 5120 eertum
1636 5065 1666 5119 st
1686 5065 1756 5118 snts
1778 5057 1879 5119 oculos
1900 5063 1963 5130 est,
1992 5055 2094 5132 plena*
2199 5148 2204 5156 .
