4776 6210
1067 1007 1099 1083 ·5

294 1225 358 1293 tu,
389 1221 430 1278 ita
451 1227 500 1296 ut,
531 1219 651 1296 siquid
681 1222 711 1277 in
733 1219 819 1280 bouis
842 1229 872 1280 et
900 1223 1030 1296 monis
1051 1221 1132 1282 libris
1153 1221 1248 1298 absit,
1278 1221 1357 1297 quod
1386 1227 1416 1282 ln
1452 1219 1517 1280 aliis
1539 1223 1586 1282 vel
1615 1221 1800 1284 incommoda
1823 1224 1872 1285 vul

226 1387 232 1404 ,
295 1335 412 1406 praeter
425 1332 638 1394 necaritatem
666 1327 798 1391 miiitum
828 1334 988 1409 reperitur,
1025 1349 1061 1392 ex
1089 1334 1314 1409 interpolatione
1341 1333 1428 1392 idio
1457 1340 1625 1393 contextum
1647 1336 1765 1394 vonisse
1787 1333 1868 1394 baud

295 1446 402 1500 lemme
421 1439 636 1502 couiioieudum
658 1444 713 1517 sit,
740 1440 816 1500 nibli
837 1440 942 1502 borum
962 1446 993 1502 in
1023 1442 1193 1519 Agricolam
1223 1443 1430 1528 cadit,'cuius
1452 1443 1509 1503 duo
1531 1453 1644 1504 tantum
1675 1430 1793 1506 codices
1816 1459 1868 1504 ex-

295 1557 392 1627 sunt,
414 1567 511 1628 nsque
532 1555 554 1610 ii
574 1551 738 1612 admodum
758 1544 883 1629 vetusti,
911 1560 942 1612 et
963 1556 993 1612 in
1015 1555 1164 1630 plerisque
1186 1553 1565 1614 omnibus'oobsentientes.
1610 1555 1692 1631 Quae
1714 1563 1866 1632 praeterea

295 1661 439 1722 habentur
461 1663 672 1738 glossematum
699 1663 826 1740 indicia,
853 1667 895 1724 ita
922 1673 1090 1740 comparata
1111 1671 1197 1740 sunt,
1226 1674 1341 1726 utnon
1363 1674 1481 1726 externo
1509 1665 1638 1741 quodam
1669 1672 1798 1746 vesbgio
1820 1673 1866 1728 ni·

295 1781 409 1847 untur,
442 1774 495 1832 scd
518 1778 631 1834 interna
653 1783 758 1836 natura
779 1793 835 1834 sua
857 1775 1050 1851 corruptelam
1071 1776 1211 1852 prodant,
1246 1793 1282 1836 ex
1314 1794 1407 1853 eoque
1437 1793 1543 1854 genere
1565 1786 1635 1838 sunt
1656 1783 1770 1855 omnia,
1804 1783 1868 1854 qui·

295 1885 352 1944 bus
380 1883 506 1944 Wexius
533 1890 669 1960 opinatus
703 1897 749 1947 cst
777 1887 871 1964 effici,
902 1894 936 1946 ut
951 1887 1107 1966 ,nonnulla
1136 1888 1228 1947 verba
1259 1887 1415 1948 subditicio
1443 1905 1507 1948 esse
1537 1889 1725 1966 intelligatur.
1775 1891 1865 1952 Radit

296 1999 374 2056 enim
396 1998 607 2072 argumentatio
638 1999 702 2057 eius
730 1997 769 2058 ad
797 1998 843 2076 id,
871 1998 953 2074 quod
971 1997 1107 2075 Prolsgg.
1138 2017 1168 2075 p.
1193 2001 1233 2058 99
1264 1999 1349 2059 dicit:
1385 1997 1558 2075 „quaedam
1587 2001 1658 2059 talia
1680 2011 1764 2072 sunt,
1798 2013 1868 2061 uta

294 2107 398 2168 'l'scito
419 2107 490 2168 addi
515 2125 569 2164 non
591 2111 709 2184 potatio
730 2110 918 2169 mmiiestum
939 2106 1013 2169 sit“
1060 2094 1150 2185 Quod
1177 2111 1226 2170 ubi
1248 2110 1359 2187 liquido
1383 2091 1612 2172 demonstratum
1642 2121 1705 2190 est,
1728 2121 1798 2174 saue
1821 2130 1867 2173 res

296 2217 370 2278 bene
398 2237 432 2278 se
458 2218 565 2294 babet;
598 2217 652 2278 sed
681 2221 813 2295 proiecto
844 2219 918 2280 nibil
947 2223 1041 2298 magis
1078 2231 1123 2280 est
1150 2222 1309 2300 lubricum,
1338 2221 1412 2282 nibil
1449 2223 1609 2283 maioribus
1638 2223 1867 2285 dubitationibus

296 2331 455 2390 obnoxium
487 2345 575 2407 quam
602 2330 712 2406 ubique
746 2330 900 2391 decernere
927 2340 956 2392 ot
986 2330 1056 2407 quid
1077 2331 1171 2390 deleo
1203 2333 1276 2409 dici,
1309 2342 1338 2394 et
1372 2334 1442 2410 quid
1466 2332 1522 2393 dici
1554 2339 1732 2412 asaperaii,
1771 2353 1867 2412 nsque

295 2439 421 2500 Wexius
454 2457 519 2500 mm
552 2441 696 2518 probandi
730 2445 872 2502 rationem
902 2445 981 2519 iniit,
1018 2459 1095 2518 quae
1124 2447 1286 2503 sententiae
1319 2461 1392 2504 suae
1418 2447 1571 2505 veriutem
1595 2451 1699 2522 quovis
1729 2447 1795 2509 loco
1824 2453 1868 2506 iu-

294 2555 381 2612 siotis
403 2557 584 2627 argumentis
612 2559 725 2613 muniat
747 2571 783 2614 ac
805 2552 951 2629 stabiliat,
974 2553 1027 2613 sed
1054 2571 1129 2630 quae
1151 2554 1324 2631 plerumque
1347 2573 1408 2616 rem
1430 2559 1548 2616 minime
1577 2561 1718 2620 incertam
1740 2569 1792 2618 aut
1814 2559 1866 2617 du·

294 2663 375 2722 biam
396 2649 534 2724 obscuret
554 2669 651 2740 potius
679 2673 768 2741 atque
790 2664 941 2726 deformet
985 2665 1060 2724 Nam
1089 2682 1186 2756 quum·
1208 2683 1258 2741 ea,
1280 2673 1312 2725 in
1334 2667 1439 2743 quibus
1468 2667 1605 2744 offendit,
1636 2689 1697 2730 non
1719 2671 1805 2731 ubam
1827 2667 1862 2727 ob

297 2789 433 2836 caussam
453 2775 521 2835 terri
542 2791 600 2836 nou
625 2792 714 2852 posse
737 2785 852 2853 censet,
880 2794 969 2852 quam
991 2781 1061 2853 quia
1081 2777 1138 2837 sibi
1166 2794 1233 2836 cum
1254 2781 1340 2838 certis
1362 2777 1536 2854 quibusdam
1565 2781 1712 2858 cogitandi
1734 2777 1863 2843 dicendi·

295 2903 353 2963 que
376 2887 495 2964 regulis,
512 2905 634 2964 quarum
656 2888 859 2948 obseruatione
880 2890 1000 2964 perlecti
1017 2894 1147 2964 speciem
1170 2895 1258 2965 atque
1272 2891 1395 2948 sormam
1416 2895 1556 2952 contineri
1578 2901 1675 2969 putat,
1687 2893 1724 2952 ad
1741 2906 1861 2966 eamque

294 2997 434 3057 velutad
453 3015 586 3060 nomem
609 3000 727 3075 singula
748 3002 854 3076 exigit,
875 3017 1006 3086 pugnare
1031 3000 1182 3074 videntur,
1204 3016 1262 3059 non
1285 3004 1449 3077 reputavit,
1471 3005 1501 3060 in
1523 3007 1576 3080 iis,
1600 3022 1676 3081 quae
1697 3011 1773 3078 suut,
1794 3001 1864 3078 plu-

293 3112 367 3168 rima
388 3111 507 3184 reperiri
534 3125 593 3169 non
613 3112 656 3168 lta
677 3110 823 3186 perlecta,
852 3109 927 3170 nihil
955 3121 987 3169 ut
1014 3113 1101 3169 iniis
1125 3093 1321 3187 dss'idcretur,
1354 3129 1478 3188 eamque
1507 3115 1544 3173 ob
1566 3131 1700 3174 caussam
1719 3115 1807 3171 utiam
1832 3115 1863 3170 in

294 3223 413 3294 optimis
435 3220 624 3295 scriptoribus
646 3227 709 3278 tum
731 3219 879 3281 veteribus
902 3229 963 3280 tum
985 3221 1192 3304 recentioribus
1214 3222 1306 3280 multa
1327 3233 1457 3302 exstare,
1483 3243 1577 3302 quae,
1608 3227 1675 3286 licet
1693 3226 1789 3282 minus
1810 3223 1856 3282 le·
1949 3259 1958 3278 .

292 3329 380 3406 gibus
401 3329 461 3388 illis
481 3327 696 3406 respondeant,
725 3337 906 3390 tamennon
935 3335 1073 3392 continuo
1100 3348 1162 3407 pro
1176 3332 1341 3408 depravatis
1369 3343 1421 3395 aut
1442 3336 1625 3414 interpolatis
1647 3334 1744 3394 baberi
1767 3335 1860 3394 debe-

291 3449 363 3516 ant,
386 3439 439 3500 sed
462 3450 609 3517 utcunque
631 3441 698 3500 terri
720 3446 841 3518 possint
887 3441 974 3502 Valet
994 3443 1025 3501 id
1054 3453 1115 3502 tum
1139 3444 1176 3503 ds
1197 3450 1367 3522 sententiis,
1399 3465 1475 3522 quae
1498 3449 1640 3508 interdum
1662 3445 1711 3504 vel
1732 3462 1791 3506 non
1811 3464 1861 3506 sa·

294 3554 332 3611 tls
354 3551 442 3627 plane
464 3558 494 3610 et
514 3555 669 3628 perspicus
691 3557 876 3630 propositae,
906 3555 955 3614 vel
978 3556 1173 3632 negligentius
1195 3573 1306 3632 nerse,
1338 3559 1384 3617 vel
1405 3561 1501 3621 minus
1528 3570 1596 3636 apte
1617 3555 1735 3616 additas
1758 3557 1862 3618 viden-

293 3671 354 3739 tur,
380 3670 443 3722 tum
466 3662 503 3724 de
530 3663 642 3738 verbis,
672 3680 795 3739 quornm
824 3683 896 3724 usus
926 3665 974 3726 vel
1001 3647 1187 3744 insolentior,
1221 3667 1267 3728 sal
1289 3677 1434 3728 absoluta
1461 3670 1596 3730 audacior
1629 3677 1660 3726 et
1688 3669 1861 3746 elegitima

295 3774 504 3836 cousuetudine
527 3774 643 3835 dicendi
665 3775 825 3836 abhorrens
846 3751 1076 3853 deprehenditur.
1119 3781 1165 3838 Ex
1188 3796 1245 3856 quo
1265 3797 1388 3858 genere,
1410 3782 1487 3856 quod
1502 3781 1642 3840 latissime
1664 3787 1754 3856 patet,
1775 3779 1862 3858 longe

293 3887 437 3964 plurima,
466 3903 542 3963 quae
564 3885 680 3963 quidem
700 3905 790 3951 sanae
812 3892 915 3948 rationi
937 3908 994 3949 non
1017 3899 1200 3966 repugnant,
1232 3890 1352 3950 ferenda
1373 3900 1457 3970 sunt,
1488 3909 1521 3951 eo
1546 3893 1661 3965 magis,
1692 3890 1772 3966 quod
1792 3889 1859 3966 ple·

294 4001 392 4074 risque
425 3998 499 4059 locis
528 3997 639 4058 'credita
673 4000 827 4059 verborum
856 4003 1057 4076 importunitas
1086 4007 1164 4061 iusta
1192 4019 1287 4077 neque
1316 4003 1521 4076 praeiudicatis
1555 4004 1741 4076 opinionibus
1764 4007 1859 4078 impe·

294 4109 356 4172 dita
381 4113 616 4186 interpretatione
643 4110 771 4173 mollitur
801 4111 848 4172 vel
877 4113 977 4198 plane·
994 4113 1111 4173 tollitur.
1175 4112 1338 4196 Quaeres
1365 4117 1501 4191 neglecta
1538 4111 1641 4174 Wexio
1677 4133 1736 4174 non
1766 4116 1859 4188 magis

293 4223 387 4282 iraudi
409 4224 464 4282 luit
485 4225 515 4280 in
537 4231 615 4282 recte
638 4222 826 4282 aestimandis
849 4222 943 4292 Taciti
967 4224 1075 4300 verbis,
1098 4241 1186 4298 quam
1208 4228 1288 4300 quod
1310 4229 1457 4286 mirificam
1473 4226 1619 4300 quandam
1640 4229 1780 4288 rationem
1801 4225 1856 4286 sibi

292 4337 488 4412 moogitavit,
520 4349 594 4410 qua,
624 4334 770 4409 quomodo
792 4335 885 4394 multa
906 4335 1082 4410 glossemata
1104 4339 1133 4394 in
1156 4345 1264 4396 textum
1285 4342 1401 4399 invecta
1422 4347 1536 4414 ament,
1561 4339 1734 4398 ostenderet.
1780 4317 1852 4398 buit

293 4449 386 4521 euim,
420 4461 513 4521 quum
533 4447 690 4506 verisimile
712 4449 751 4505 sit
774 4449 1005 4522 antiquissimum
1026 4446 1173 4523 codicem,
1207 4446 1282 4507 unde
1304 4450 1361 4509 duo
1387 4448 1446 4524 illi,
1478 4467 1552 4524 quos
1583 4451 1663 4511 solos
1686 4454 1858 4525 superstites

292 4556 450 4633 babemus,
477 4557 630 4630 fluxerint,
655 4559 686 4616 in
707 4559 830 4634 singulis
854 4559 968 4634 paginis
991 4558 1073 4617 binas
1102 4558 1240 4618 babuisse
1262 4560 1425 4634 columnas,
1457 4565 1615 4633 marginem
1638 4578 1740 4624 unrrrn.
1766 4581 1846 4624 oum·

292 4685 366 4745 que,
391 4679 423 4728 ut
445 4675 671 4728 consentaneum
695 4679 754 4744 est,
783 4673 813 4728 in
835 4669 965 4728 edemus
988 4675 1103 4746 paginis
1125 4671 1163 4729 ad
1185 4671 1262 4730 latus
1282 4673 1430 4748 donnum,
1453 4674 1483 4728 in
1505 4676 1615 4730 aversis
1637 4676 1674 4730 ad
1698 4681 1855 4736 sinistrum.

293 4780 345 4840 cui
369 4797 458 4856 quum
470 4785 596 4857 aacnpta
618 4781 741 4840 iuiueut
763 4780 907 4856 quaedam
930 4785 1203 4857 interpretamenta,
1226 4801 1300 4860 quse
1322 4787 1497 4857 pernoctent
1517 4780 1555 4840 ad
1577 4785 1719 4843 interioris
1743 4789 1856 4846 colum-

279 4907 348 4949 nae
372 4891 475 4966 rerba,
499 4909 536 4952 ea
558 4911 576 4951 a
602 4891 719 4950 librario
740 4909 947 4967 nonnunquam
973 4896 1003 4950 in
1026 4898 1198 4954 sxtenorem
1220 4897 1381 4956 columnam
1405 4896 1495 4954 fuisse
1514 4902 1650 4969 recepta,
1674 4907 1703 4955 ct
1725 4899 1767 4956 ita
1789 4899 1861 4960 alie-

291 5004 413 5062 nissimo
434 5003 498 5064 loco
520 5009 619 5080 posita
640 5003 832 5080 corruptelam
855 5003 986 5078 prodere.
1030 5004 1096 5062 Non
1118 5023 1194 5082 nego
1216 5011 1288 5067 inter
1311 5007 1403 5064 varias
1426 5005 1686 5083 deprecationum,
1710 5025 1786 5082 quae
1805 5025 1858 5068 su·
