4754 6208
1210 1155 1413 1170 m

523 1269 647 1330 Werius
669 1267 806 1345 Prolegg.
834 1283 864 1342 p.
898 1269 968 1325 lii.
998 1267 1035 1326 de
1063 1267 1241 1344 glossemate
1268 1269 1434 1344 importune
1462 1271 1574 1328 intruso
1603 1274 1730 1346 cogitat,
1762 1279 1878 1346 praeter
1903 1276 2098 1351 tautologiam

525 1383 654 1444 odeum
676 1383 764 1442 ctiam
787 1377 914 1440 dictione
936 1379 1081 1438 vitabundi
1099 1383 1263 1452 invisam,
1286 1380 1466 1456 quisalius,
1488 1384 1539 1456 qui
1561 1381 1705 1440 vitabundi
1724 1384 1826 1458 lugere
1849 1383 1990 1461 dicantur,
2012 1385 2099 1446 bastae

524 1497 624 1573 potins
646 1495 740 1552 vitare
762 1493 908 1552 studeant,
951 1491 1062 1551 Verum
1084 1493 1115 1551 id
1139 1492 1274 1568 quidem,
1301 1491 1353 1554 sed
1384 1490 1433 1552 bic
1461 1497 1579 1552 minime
1600 1493 1638 1553 ad
1660 1512 1734 1570 rem,
1762 1495 1813 1554 ubi
1841 1501 1950 1556 rerum'
1966 1497 2097 1558 condicio

525 1608 644 1667 diversa
672 1612 726 1665 aab
773 1603 881 1665 Olfecit
911 1612 1007 1665 autam
1034 1605 1103 1667 boio
1128 1607 1194 1664 loco
1220 1624 1314 1682 prava
1342 1607 1553 1683 interpunctio,
1590 1606 1718 1682 indeque
1743 1615 1814 1666 nata
1841 1609 1916 1668 lalsa
1942 1609 2098 1670 verbenam

525 1721 717 1794 consonatio,
743 1717 851 1794 quibus
873 1726 953 1778 recte
975 1720 1136 1797 institutis,
1166 1719 1253 1778 insila
1276 1717 1374 1777 omnia
1395 1720 1426 1774 in
1449 1716 1581 1776 ordinem
1603 1719 1733 1779 redeunt.
1783 1720 1925 1780 Nimirum
1953 1731 2098 1782 commata

525 1833 616 1909 vulgo
638 1837 708 1907 post
729 1818 904 1906 re'spactautsr
926 1830 1037 1906 posito,
1065 1847 1138 1890 eane
1160 1847 1282 1892 necessa
1305 1837 1367 1889 erat
1389 1832 1498 1905 pariter
1520 1849 1573 1886 uon
1591 1833 1761 1906 agminibus,
1787 1839 1820 1890 vt
1838 1836 1934 1910 prius,
1955 1853 2003 1891 vsa
2025 1833 2097 1892 abus

524 1945 608 2004 alium
628 1947 821 2020 cauponantes,
844 1959 933 2018 quam
953 1945 1015 1999 rari
1035 1947 1060 1999 et
1081 1943 1224 2001 vitabundi
1242 1946 1353 2002 moinus
1373 1941 1411 2000 ad
1431 1945 1529 2019 psts'ese
1549 1943 1655 2018 reterri,
1678 1959 1753 2019 quae
1775 1943 1886 2021 duplex
1906 1949 1992 2006 unius
2014 1945 2097 2004 verbi

525 2055 654 2117 definitio
676 2071 739 2114 non
763 2055 858 2114 solnm
888 2052 977 2113 valde
1001 2055 1120 2114 inanem
1142 2051 1235 2112 babet
1255 2037 1463 2130 tautologiam,
1486 2053 1546 2112 'sed
1571 2058 1660 2114 etiam
1687 2025 1805 2116 ineolilo
1834 2057 1978 2133 asyndeto
2007 2057 2098 2135 louge

526 2169 722 2228 durissimam.
768 2164 829 2225 Sed
856 2170 898 2225 ita
920 2164 1042 2226 Tacitus
1068 2183 1127 2226 non
1156 2167 1238 2226 dixit.
1290 2163 1458 2226 Orationem
1480 2169 1556 2226 enirn
1578 2168 1705 2226 instituit
1726 2167 1978 2245 bimembrem,
2011 2172 2118 2234 cuiue.

528 2279 652 2341 alterurn
671 2277 796 2338 verbum
817 2277 930 2338 finitum
952 2287 998 2338 eet
1019 2282 1106 2350 versi,
1128 2295 1170 2338 sc.
1192 2284 1271 2350 arnt,
1289 2281 1388 2356 patim
1409 2277 1540 2338 alterum.
1584 2277 1670 2338 Prius
1691 2283 1780 2355 igitur
1801 2283 1983 2340 enuntiatum
2006 2297 2099 2355 quum

525 2390 666 2452 semicolo
689 2397 759 2468 poet
780 2395 955 2468 respectantes
977 2393 1153 2464 terminetur,
1174 2389 1261 2449 facile
1283 2389 1366 2450 vides
1387 2409 1440 2447 nou
1461 2389 1615 2465 agminibus
1637 2421 1677 2432 -—
1698 2397 1872 2468 reportantes
1893 2393 2036 2468 pertinere
2057 2391 2097 2452 ad

524 2508 596 2564 vasi
614 2508 692 2576 suut,
714 2505 776 2560 rors'
797 2508 823 2559 sb
843 2503 988 2562 vitabundi
1007 2505 1118 2561 iuns'csus
1140 2501 1178 2562 ad
1197 2505 1305 2581 pstr'ers.
1349 2502 1417 2562 Non
1439 2505 1534 2561 minue
1556 2501 1668 2562 clerum
1690 2511 1750 2578 ael,
1773 2502 1925 2580 Tacitum,
1948 2521 2006 2580 quo
2028 2521 2097 2580 gra·

524 2619 592 2677 vius
618 2613 785 2676 ostenderet
810 2614 863 2674 illa
890 2615 973 2676 clade
1001 2614 1100 2676 hostes
1126 2619 1168 2676 ita
1198 2631 1264 2675 esse
1298 2614 1448 2691 disiectos,
1486 2624 1519 2674 ut
1545 2631 1582 2674 ne
1610 2617 1769 2692 vestigium
1804 2615 1922 2692 quidem
1950 2619 2097 2676 exercitus

524 2735 706 2812 superesset,
735 2745 801 2788 eam
827 2745 889 2787 rem
918 2726 1033 2786 dnobus
1059 2727 1172 2803 modis,
1199 2734 1324 2802 negante
1346 2727 1451 2802 altero,
1478 2727 1570 2786 altero
1591 2731 1703 2802 aiente,
1725 2725 1878 2788 extoliere.
1923 2729 2097 2805 Asyndeton

525 2849 639 2917 numm,
670 2844 702 2898 in
732 2845 818 2900 unios
848 2844 991 2901 enuntiati
1019 2839 1152 2917 partibus
1182 2857 1242 2900 non
1271 2838 1438 2917 terendum,
1470 2855 1607 2915 magnam
1637 2841 1697 2898 vim
1725 2843 1848 2900 emtioni
1872 2839 1955 2900 addit
1983 2839 2097 2900 duobus

525 2955 687 3014 conuarlae
715 2956 879 3013 sententiae
904 2955 1062 3013 enuntiatis
1088 2950 1167 3012 nude
1195 2955 1279 3012 iuxta
1306 2953 1425 3028 positis;
1460 2952 1497 3010 ci.
1520 2949 1592 3012 Sall.
1612 2949 1676 3011 Cat.
1699 2967 1724 3010 c.
1749 2953 1807 3030 52,
1854 2952 1895 3030 92
1946 2951 2010 3012 Nau
2030 2955 2098 3012 miri

524 3085 606 3144 usquc
635 3063 775 3142 suppliciis
801 3064 911 3123 aemilia
937 3063 1045 3124 deorum
1072 3070 1227 3142 parantur,-
1250 3063 1412 3140 ‘vs'gs'lando,
1437 3063 1557 3138 agendo,
1585 3061 1647 3120 beve
1675 3063 1832 3122 ammiando
1853 3083 1979 3143 prospere
2008 3069 2098 3124 omia

524 3177 630 3235 mans.
676 3173 760 3250 Quae
782 3185 815 3236 ut
836 3175 1010 3251 planissima
1031 3183 1117 3252 eunt,
1144 3177 1186 3235 ite
1213 3193 1260 3235 res
1291 3179 1357 3252 ipsa
1377 3173 1486 3234 indicat
1507 3173 1652 3232 vitabundi
1669 3177 1813 3232 iuuiseu
1840 3175 1898 3236 dici
1920 3177 1957 3237 da
1980 3177 2097 3236 Britan·

525 3290 590 3366 nle,
613 3290 665 3362 qui
687 3285 817 3346 studiose
840 3290 997 3365 evitarent,
1030 3305 1069 3348 ne
1088 3290 1119 3347 in
1140 3287 1213 3362 iuga
1233 3286 1493 3363 conglobarentur,
1522 3303 1581 3360 quo
1604 3285 1717 3346 lucilius
1737 3287 1846 3362 singuli
1867 3287 2007 3348 Romania
2029 3305 2098 3363 per·
2138 3306 2144 3315 ·

525 3397 717 3476 sequentibus
735 3417 768 3460 se
789 3399 1003 3460 subtraherent.
1449 3405 1452 3410 '

678 3511 796 3590 Magnis
825 3514 1031 3588 continuisque
1061 3510 1194 3572 cladibus
1223 3510 1331 3570 ducum
1351 3512 1512 3569 temeritate
1534 3517 1565 3571 et
1584 3511 1704 3586 ignaria
1724 3513 1754 3568 in
1776 3509 1944 3586 Pannonia,
1971 3509 2095 3587 Moesia,

526 3621 622 3682 Dacia
644 3629 789 3701 acceptis,
811 3622 964 3683 meliorem
986 3640 1132 3682 armorum
1155 3623 1302 3682 fortunam
1324 3621 1451 3682 Romani
1473 3639 1510 3680 ex
1531 3621 1672 3698 Agricola
1693 3622 1859 3698 sperabant,
1882 3620 1963 3697 quod
1983 3623 2026 3681 ita
2046 3639 2096 3681 ra·

528 3737 585 3796 lert
607 3733 726 3795 Tacitus
745 3753 770 3796 c.
793 3737 845 3796 41.
891 3735 957 3810 ,Ita
978 3751 1068 3812 quum
1091 3735 1201 3794 damna
1222 3733 1337 3794 damnis
1353 3735 1599 3806 continuarentur,
1620 3741 1709 3809 atque
1723 3737 1817 3792 omnis
1832 3749 1926 3792 annos
1944 3733 2096 3794 lunaribus

528 3855 558 3908 et
579 3845 711 3908 cladibus
734 3849 938 3924 insigniretur,
965 3846 1143 3924 poscebatur
1164 3865 1216 3908 ora
1238 3847 1321 3925 vulgi
1344 3847 1404 3906 dux
1423 3845 1578 3922 Agricola,
1606 3845 1843 3920 comparantibus
1872 3850 1985 3904 cunctis
2006 3849 2094 3921 vigo-

525 3977 604 4038 rem,
627 3963 823 4020 conetantiam
846 3967 876 4019 et
894 3969 1045 4036 expertum
1066 3959 1151 4020 bellis
1173 3965 1301 4020 animum
1325 3977 1392 4019 cum
1414 3963 1517 4020 inertia
1536 3971 1566 4020 et
1587 3957 1739 4018 formidine
1760 3957 1878 4017 eorum.“
1923 3956 1960 4016 In
1982 3957 2027 4018 bie
2049 3961 2095 4018 vi-

527 4074 637 4134 tiosum
659 4089 724 4132 esee
747 4091 850 4150 somus,
880 4075 910 4130 in
934 4073 1068 4132 contessa
1091 4081 1153 4150 est;
1191 4071 1270 4148 quod
1298 4074 1348 4148 qni
1378 4069 1549 4145 delendum,
1578 4073 1629 4146 qui
1654 4071 1742 4146 pauci
1772 4079 1856 4141 sunt,
1882 4069 1921 4128 ad
1942 4071 2096 4146 superatos

499 4245 501 4250 .
528 4185 708 4260 fugatosque
732 4183 821 4244 duces
842 4186 1017 4262 relerentes,
1041 4183 1078 4243 de
1101 4184 1207 4260 quibua
1229 4177 1426 4260 longe'eupra
1444 4183 1569 4258 dictum,
1596 4197 1654 4242 non
1676 4179 1812 4240 viderunt
1832 4197 1928 4257 neque
1951 4197 2095 4258 gramma·

528 4301 619 4356 ticam
642 4299 786 4356 radonem
808 4313 904 4372 neque
929 4298 1105 4356 sententiam
1133 4295 1191 4355 hoc
1219 4295 1387 4356 concedere.
1432 4295 1528 4373 Quare
1553 4293 1603 4354 alii
1628 4295 1822 4368 coniugemnt
1842 4293 1880 4352 ad
1901 4297 2095 4365 coniecturas,

527 4407 611 4467 velut
641 4425 795 4484 vammum,
824 4409 957 4480 ab'vruss,
983 4407 1094 4480 bomin,
1126 4412 1252 4480 isterius,
1280 4407 1402 4479 illorum,
1432 4427 1549 4480 amaru,
1567 4410 1708 4484 prr‘onsss,
1733 4423 1811 4481 qnae
1832 4421 1933 4464 omnes
1956 4415 1986 4465 et
2006 4423 2095 4466 sensu

529 4517 657 4591 debiles,
685 4527 715 4579 et
742 4523 837 4582 torma
864 4537 968 4598 pamm
995 4521 1179 4598 probabiles,
1210 4529 1241 4580 et
1262 4539 1282 4580 a
1301 4524 1490 4597 grammatica
1510 4519 1590 4580 bend
1612 4517 1860 4580 commendabiles
1880 4527 1957 4578 sunt.
2001 4515 2094 4580 Unice

527 4647 628 4691 rarum
652 4641 766 4710 autem,
792 4631 870 4710 quod
891 4633 980 4710 Hngo
1001 4629 1121 4692 Grotius
1144 4634 1282 4710 coniecit,
1312 4637 1462 4692 aderamus
1507 4631 1593 4710 Quod
1616 4649 1706 4708 quum
1731 4635 1762 4690 in
1791 4633 1955 4706 antiquiore
1983 4631 2094 4708 codice,

527 4743 606 4804 unda
628 4743 771 4805 fluxerunt
794 4745 945 4817 Vaticani,
978 4745 1150 4822 compendio
1174 4747 1314 4821 scriptum
1336 4753 1413 4804 esset
1440 4745 1497 4805 hoc
1524 4743 1641 4820 cdrum,
1669 4761 1704 4804 ao
1734 4742 1783 4802 vel
1808 4742 1919 4817 pallore
1949 4745 2093 4804 amtiucbo

529 4857 579 4916 vel
601 4857 755 4934 neglecto,
778 4857 855 4934 quod
876 4855 1032 4932 aliquoties
1055 4857 1180 4932 iactum,
1209 4865 1239 4917 et
1260 4876 1274 4914 c
1296 4855 1393 4917 littera
1415 4873 1480 4916 cnm
1500 4877 1515 4914 a
1537 4857 1673 4934 contuse,
1703 4854 1780 4932 quod
1807 4854 1841 4914 fit
1870 4853 2023 4933 scarbum,
2047 4873 2096 4916 ses

529 4976 652 5044 quantes
674 4967 783 5028 librarii
806 4969 968 5029 litterarum
995 4973 1094 5046 apices
1123 4973 1218 5046 magis
1247 4985 1333 5046 quam
1360 4987 1478 5030 sensnm
1506 4977 1673 5045 spectantes
1694 4967 1817 5045 proclivi
1846 4965 1933 5043 lapsu
1952 4966 2094 5028 dederuut

527 5099 623 5142 aarum.
670 5079 774 5174 Ueteri,
797 5085 847 5157 qni
871 5087 1008 5142 conanus
1032 5091 1077 5142 ast
1097 5081 1183 5142 boine
1206 5087 1288 5142 vocis
1309 5099 1394 5160 neus,
1416 5081 1562 5158 signifieat
1583 5099 1669 5140 annu
1689 5081 1758 5152 alii,
1780 5079 1881 5158 quib.
1902 5079 1924 5138 la
1944 5091 2013 5142 sunt
2031 5089 2093 5140 mm
