4754 6208
278 1171 476 1248 eloquebatur.
522 1171 608 1250 Quod
631 1183 664 1240 ut
687 1177 828 1236 intertum
851 1180 905 1252 est,
922 1188 981 1248 quo
1004 1190 1082 1234 anno
1105 1174 1214 1234 iactum
1237 1176 1290 1248 sit,
1314 1177 1356 1235 ita
1378 1175 1584 1238 multominus
1607 1177 1723 1256 probari
1748 1183 1847 1254 potest

277 1292 416 1359 quattuor
444 1293 513 1344 aute
541 1283 702 1362 Agricolae
731 1293 852 1346 mortem
880 1303 974 1347 anuos
1001 1303 1061 1346 nou
1090 1302 1157 1345 esse
1190 1287 1311 1347 iactum.
1363 1285 1461 1364 Quare
1485 1289 1596 1350 nullam
1623 1287 1711 1349 fidem
1737 1287 1845 1362 babet,

277 1397 356 1472 quod
378 1395 503 1456 Wexius
523 1395 662 1475 Prolegg.
690 1417 719 1475 p.
744 1399 812 1472 tt,
841 1413 900 1472 quo
922 1397 1105 1471 quadriennii
1128 1397 1290 1458 absentiam
1313 1405 1382 1458 aute
1406 1399 1519 1459 obitum
1541 1400 1699 1478 Agricolae
1722 1401 1848 1460 amolia-

276 1515 338 1583 tur,
360 1507 462 1568 scribit
482 1508 559 1565 ποῠίε
576 1513 645 1565 tarn
668 1515 814 1567 nostros
835 1509 971 1567 absentiae
993 1509 1146 1567 condicione
1167 1513 1229 1566 onte
1250 1510 1458 1587 quadrimatum
1477 1515 1591 1571 umt'rattt
1613 1517 1672 1584 est,
1693 1529 1758 1572 eum
1776 1510 1848 1588 Lip-

276 1625 321 1680 sio
340 1619 545 1698 quadrimam
566 1621 732 1696 intelligens
761 1619 833 1680 illud
862 1629 991 1697 tempus,
1021 1619 1101 1695 quod
1122 1624 1288 1680 intercessit
1312 1623 1388 1682 iuter
1415 1631 1538 1684 mortem
1565 1624 1723 1700 Agricolae
1745 1630 1774 1683 et
1794 1640 1847 1683 au·

276 1749 366 1810 uum,
396 1747 455 1806 quo
484 1730 534 1790 bic
556 1729 630 1790 liber
658 1736 783 1808 scriptus
806 1741 851 1794 est
879 1735 920 1808 (a.
945 1733 1098 1799 ott-et.
1129 1751 1157 1809 p.
1183 1733 1249 1794 Chr.
1274 1728 1335 1812 n).
1379 1733 1461 1794 Nibii
1490 1735 1546 1795 hac
1569 1740 1716 1796 sententia
1743 1735 1847 1795 levius.

277 1845 340 1920 Au,
372 1846 397 1903 si
419 1860 479 1904 uou
506 1843 649 1903 abluisset
671 1843 809 1922 Tacitus,
840 1849 935 1906 miuus
958 1843 1177 1919 quadriennium
1207 1861 1226 1902 a
1253 1852 1344 1904 morte
1374 1849 1465 1905 soceri
1489 1845 1588 1906 essct?
1632 1845 1713 1924 Aut,
1747 1846 1849 1906 siluit

277 1957 518 2031 quadriennium,
539 1954 688 2028 quomodo
705 1955 807 2015 Tacito
830 1965 860 2016 et
882 1960 965 2016 uxori
986 1956 1049 2014 colis
1071 1955 1135 2030 fuit,
1159 1959 1262 2015 ceteris
1282 1972 1341 2015 nou
1362 1957 1439 2016 t'uit‘i
1483 1956 1640 2036 Fortasse,
1663 1973 1751 2032 quam
1772 1957 1847 2019 baec

276 2073 352 2128 inter
369 2087 402 2129 se
423 2076 574 2145 pugnent,
596 2084 661 2126 sero
684 2077 848 2144 assecutus,
871 2086 900 2144 p.
916 2069 988 2126 317.
1011 2069 1180 2142 pronuntiat
1201 2072 1263 2124 onte
1280 2067 1483 2144 prcdn'annian
1506 2069 1653 2146 glossema
1674 2087 1751 2146 esse,
1773 2083 1847 2143 quae

277 2183 377 2258 opinio
409 2184 518 2258 pariter
553 2183 632 2238 omui
661 2161 920 2239 verisimilitudinis
958 2182 1056 2254 specie
1092 2177 1265 2238 destituitur.
1318 2179 1456 2240 (lavisset
1482 2179 1537 2239 bos
1565 2197 1675 2241 errores
1705 2181 1847 2252 Wexius,

275 2295 333 2352 uisi
355 2293 550 2367 obstinasset,
575 2289 711 2350 Tacitum
732 2291 849 2368 lougius
871 2299 986 2366 tempus
1011 2290 1105 2349 Roma
1127 2307 1186 2350 uon
1208 2289 1354 2367 abluisse,
1378 2294 1551 2371 mavisqime
1573 2301 1670 2352 motus
1692 2310 1744 2370 eo,
1768 2291 1847 2368 quod

276 2419 373 2478 ueque
392 2401 471 2480 apud
494 2405 589 2479 iprum
612 2416 708 2477 neque
728 2402 808 2479 apud
830 2403 920 2462 ullum
942 2402 1031 2462 alium
1050 2406 1218 2478 scriptorem
1236 2405 1298 2462 eius
1321 2406 1362 2460 rei
1384 2406 1493 2463 mentio
1513 2402 1555 2461 dt.
1598 2403 1692 2465 Sileut
1712 2406 1756 2465 illi
1776 2422 1847 2466 saue

281 2514 319 2574 de
334 2531 386 2592 eo,
410 2511 654 2588 quemadmodum
670 2513 707 2574 de
729 2523 826 2574 cetera
847 2513 942 2575 Taciti
965 2517 1026 2573 vita
1048 2514 1197 2574 siluerunt.
1241 2513 1300 2574 Sed
1321 2530 1379 2573 uon
1402 2515 1483 2574 siluit
1500 2518 1581 2592 ipse,
1604 2520 1654 2589 qui
1676 2517 1847 2593 planissimo

284 2634 409 2687 testetur
431 2633 569 2701 quattuor
589 2634 753 2702 postremos
781 2642 874 2685 anuos
904 2627 963 2685 rivi
985 2625 1083 2685 adbuc
1110 2625 1266 2701 Agricolae
1294 2625 1391 2685 Roma
1418 2643 1451 2685 se
1481 2643 1548 2686 cum
1578 2644 1669 2688 uxore
1702 2629 1847 2690 abluisse.
1936 2703 1939 2710 Δ

273 2711 369 2815 ι(ὶιιοιί
395 2741 526 2812 quinon
549 2737 685 2812 creduut,
713 2745 867 2815 propterea
884 2737 961 2812 quod
983 2737 1062 2798 solus
1086 2737 1115 2796 id
1138 2737 1242 2814 tradit,
1273 2755 1331 2798 nou
1353 2738 1459 2814 video,
1484 2739 1632 2812 quomodo
1651 2717 1772 2801 'omniuo
1791 2740 1848 2802 ali-

282 2851 353 2926 quid
377 2849 494 2912 credere
515 2853 647 2928 possint,
671 2848 751 2923 quod
773 2865 831 2908 nou
853 2849 975 2909 aliorum
997 2849 1162 2910 testimonio
1183 2853 1356 2924 scriptorum
1384 2849 1576 2912 confirmetur.
1620 2849 1663 2911 At
1683 2869 1743 2912 uon
1764 2852 1848 2928 dixit,

275 2978 334 3037 qua
355 2962 391 3022 de
413 2979 520 3022 caussa
540 2961 674 3021 abluerit.
723 2960 834 3021 Verum
856 2960 929 3037 hoe;
960 2961 1013 3021 sed
1036 2959 1110 3020 dixit
1133 2959 1263 3037 „longas
1289 2961 1443 3021 absentiae
1466 2963 1634 3039 condictam
1648 2961 1664 2994 “
1693 2979 1754 3038 qua
1774 2981 1848 3026 voce

276 3089 370 3148 quum
390 3072 547 3151 peculiaris
570 3071 716 3146 quaedam
737 3075 812 3130 ratio
839 3071 999 3131 declaretur
1027 3070 1176 3130 absentiae
1205 3073 1248 3131 ita
1270 3079 1472 3148 comparatae,
1507 3081 1545 3134 ut
1561 3091 1597 3133 ex
1620 3091 1654 3133 ea
1676 3073 1762 3135 rediri
1785 3083 1848 3135 tum

277 3201 340 3246 uou
362 3193 478 3262 posset,
509 3201 599 3244 seusu
618 3199 678 3242 uou
701 3181 797 3243 ditiert
824 3185 1024 3242 aestumare.
1079 3181 1162 3258 Quae
1191 3199 1227 3242 aa
1256 3184 1343 3242 luent
1374 3188 1554 3262 necessitas,
1584 3188 1750 3263 ignoretur;
1777 3203 1846 3247 uam

278 3302 329 3374 qui
361 3297 397 3357 de
432 3295 527 3357 Taciti
551 3297 638 3356 exibo
672 3273 851 3371 cogitarunt,
880 3310 931 3354 eos
960 3293 1037 3353 bene
1068 3293 1207 3354 refutavit
1234 3292 1367 3354 Wexius.
1425 3293 1491 3354 Nou
1518 3295 1718 3372 improbabilis
1747 3305 1845 3357 tamen

281 3427 381 3471 eorum
405 3417 451 3468 est
473 3411 634 3484 saumatis,
663 3409 713 3480 qui
736 3423 803 3465 eum
831 3409 999 3481 provinciae
1021 3408 1184 3482 praetoriae
1209 3405 1459 3467 administratione
1481 3423 1569 3484 supra
1591 3407 1708 3468 solitum
1730 3417 1846 3486 tempus

152 3547 153 3550 ¹
276 3521 429 3582 detentum
457 3519 546 3580 tuisse
577 3521 741 3580 coniiciuut.
794 3517 950 3592 Utcunque
978 3524 1038 3593 est,
1073 3517 1168 3576 abluit
1195 3519 1253 3576 iam
1283 3526 1418 3592 quartum
1440 3536 1563 3595 sunum,
1593 3535 1683 3594 quum
1704 3509 1846 3598 Agricola

278 3633 367 3711 obiit,
390 3631 478 3706 idque
500 3635 596 3708 ipsum
619 3639 681 3710 est,
713 3629 791 3705 quod
814 3629 934 3689 Tacitus
958 3627 1029 3688 dicit
1049 3647 1125 3685 suom
1146 3626 1290 3706 dolorem,
1321 3649 1396 3687 mon
1417 3631 1540 3708 vulnus3
1567 3647 1748 3707 numquam
1768 3650 1846 3692 uuu-

276 3761 365 3823 quam
388 3761 455 3804 eum
484 3747 639 3822 reviseret,
666 3746 726 3807 iam
748 3750 851 3816 quarto
873 3749 942 3801 aute
963 3747 1085 3800 mortem
1112 3756 1189 3798 anuo
1219 3757 1285 3799 eum
1312 3744 1423 3820 amisit,
1447 3758 1506 3816 quo
1530 3759 1608 3802 auno
1636 3743 1762 3804 Romam
1782 3747 1847 3820 ipse

274 3857 401 3931 reliquit.
445 3855 528 3932 Quae
552 3859 697 3916 sententia
718 3853 888 3930 planissima
909 3861 942 3911 ut
967 3859 1045 3912 recte
1074 3869 1111 3910 ex
1133 3850 1230 3910 verbis
1260 3851 1402 3931 prodeat,
1431 3869 1485 3929 pro
1507 3858 1576 3910 tuns
1597 3854 1694 3930 longae
1714 3854 1844 3915 scriben-

277 3967 347 4028 dum
370 3977 416 4028 est
437 3973 508 4024 ton
527 3967 625 4042 longae
648 3975 735 4044 ete.,·
755 3982 832 4040 quae
854 3966 982 4040 genuina
1001 3963 1090 4022 lectio
1110 3979 1147 4022 ex
1168 3965 1289 4036 antiquo
1313 3961 1377 4023 cod.
1401 3962 1556 4042 desumpta
1576 3967 1606 4024 in
1628 3969 1760 4043 margine
1782 3965 1848 4028 cod.

275 4079 346 4141 Vnt.
370 4079 407 4140 Γ.
429 4081 557 4156 ascripta
579 4087 633 4138 est.
690 4077 758 4136 Tan
787 4077 938 4153 quamsit
964 4073 1010 4133 llio
1032 4080 1166 4152 tenpore,
1194 4093 1245 4153 poc
1273 4075 1358 4148 obiit,
1388 4079 1446 4136 iam
1474 4067 1638 4138 rectissime
1668 4079 1758 4139 babet
1784 4087 1848 4137 nna

275 4190 500 4272 macionibus,
531 4187 611 4264 quod
637 4191 737 4250 multis
760 4188 901 4266 exemplis
923 4186 1019 4248 allatis
1042 4187 1105 4264 ipse
1129 4186 1261 4247 concedit
1284 4186 1410 4249 Wexius
1439 4206 1467 4266 p.
1492 4190 1542 4250 27.
1565 4190 1688 4267 probum
1708 4192 1770 4251 iore
1795 4194 1847 4266 ,si

275 4283 405 4364 unumst
423 4301 559 4379 Tacitus,
585 4319 645 4362 uon
667 4299 867 4376 quereretur.“
916 4303 957 4360 At
978 4307 1076 4359 narrat
1095 4317 1126 4360 re
1145 4316 1223 4360 vera.
1267 4297 1349 4360 Nihil
1369 4303 1428 4360 iam
1450 4309 1597 4382 superest,
1620 4318 1706 4376 quam
1729 4312 1763 4388 ut
1781 4319 1847 4364 mo·

274 4431 414 4492 neamus,
438 4411 594 4491 Wexium,
617 4415 687 4474 licet
706 4419 763 4471 ton
784 4416 945 4488 receperit,
972 4421 1070 4472 mmeu
1093 4427 1188 4488 usque
1217 4415 1279 4472 aius
1302 4417 1362 4472 vim
1390 4416 1593 4492 perspexisse,
1623 4423 1653 4474 at
1674 4419 1846 4475 seutentiam

277 4543 312 4588 eo
335 4529 442 4586 iecisse
465 4527 695 4603 supramodum
716 4530 852 4584 ieiunam.
896 4524 972 4582 Nam
993 4541 1030 4584 ua
1045 4523 1094 4581 diis
1116 4525 1221 4584 abessa
1240 4523 1376 4584 Tacitum
1395 4529 1519 4604 sineret,
1542 4543 1594 4603 pro
1614 4525 1711 4601 toragoc
1729 4543 1766 4586 ex
1781 4525 1846 4589 eod.

275 4639 445 4714 Ascripsit
465 4643 589 4709 aaaron
618 4653 677 4712 quo
706 4637 798 4698 semel
818 4645 936 4712 recepto
962 4641 1018 4693 tom
1057 4635 1176 4711 quidem
1198 4652 1255 4696 uon
1286 4637 1412 4714 amplius
1440 4643 1518 4698 sture
1546 4645 1676 4715 poterat3
1708 4637 1761 4700 sed
1790 4645 1850 4697 tone

276 4747 358 4810 uuila
377 4753 492 4810 iuterna
514 4766 620 4809 mussa
640 4747 753 4808 illatum
782 4751 868 4826 iriget
889 4748 1103 4810 incredibiliter.
1145 4747 1222 4808 Nam
1243 4753 1268 4808 si
1291 4749 1429 4826 Agricola
1449 4751 1619 4826 simpliciter
1637 4747 1742 4811 dicitur
1762 4753 1849 4810 anct-

277 4880 324 4919 cuc
345 4881 416 4938 cuc,
446 4861 517 4936 quid
539 4865 644 4921 attinet
664 4859 790 4922 adiicere
813 4877 879 4920 euru
901 4877 967 4922 esse
987 4865 1043 4919 tom
1065 4859 1231 4920 amissum?
1894 4857 1895 4860 ’

852 5031 1188 5060 -—----·-
1251 5041 1253 5046 .
