<?xml version="1.0" encoding="UTF-8"?>
<!DOCTYPE html PUBLIC "-//W3C//DTD XHTML 1.0 Transitional//EN"
    "http://www.w3.org/TR/xhtml1/DTD/xhtml1-transitional.dtd">
<html xmlns="http://www.w3.org/1999/xhtml" xml:lang="en" lang="en">
 <head>
  <title>
</title>
<meta http-equiv="Content-Type" content="text/html;charset=utf-8" />
  <meta name='ocr-system' content='tesseract 3.04.00' />
  <meta name='ocr-capabilities' content='ocr_page ocr_carea ocr_par ocr_line ocrx_word'/>
</head>
<body>
  <div class='ocr_page' id='page_1' title='image "./deglossematisfa00kritgoog_0021.png"; bbox 0 0 4754 6208; ppageno 0'>
   <div class='ocr_carea' id='block_1_1' title="bbox 1279 1061 1329 1141">
    <p class='ocr_par' dir='ltr' id='par_1_1' title="bbox 1279 1061 1329 1141">
     <span class='ocr_line' id='line_1_1' title="bbox 1279 1061 1329 1141; baseline 0 0"><span class='ocrx_word' id='word_1_1' title='bbox 1279 1061 1329 1141; x_wconf 81' lang='lat' dir='ltr'><strong>ls</strong></span> 
     </span>
    </p>
   </div>
   <div class='ocr_carea' id='block_1_2' title="bbox 437 1278 2121 3040">
    <p class='ocr_par' dir='ltr' id='par_1_2' title="bbox 437 1278 2121 3040">
     <span class='ocr_line' id='line_1_2' title="bbox 515 1278 2091 1363; baseline 0.004 -23"><span class='ocrx_word' id='word_1_2' title='bbox 515 1281 675 1362; x_wconf 65' lang='lat' dir='ltr'><strong>„Extorsit</strong></span> <span class='ocrx_word' id='word_1_3' title='bbox 701 1287 758 1342; x_wconf 78' lang='lat' dir='ltr'><strong>rtur</strong></span> <span class='ocrx_word' id='word_1_4' title='bbox 785 1283 931 1342; x_wconf 79' lang='lat' dir='ltr'><strong>rectoribus</strong></span> <span class='ocrx_word' id='word_1_5' title='bbox 959 1287 1023 1363; x_wconf 77' lang='lat' dir='ltr'><strong>apsi</strong></span> <span class='ocrx_word' id='word_1_6' title='bbox 1042 1313 1086 1326; x_wconf 91' lang='lat'><em>-</em></span> <span class='ocrx_word' id='word_1_7' title='bbox 1107 1289 1270 1343; x_wconf 69' lang='lat' dir='ltr'><strong>mammertus</strong></span> <span class='ocrx_word' id='word_1_8' title='bbox 1298 1289 1347 1342; x_wconf 87' lang='lat' dir='ltr'><strong>out</strong></span> <span class='ocrx_word' id='word_1_9' title='bbox 1376 1283 1466 1341; x_wconf 75' lang='lat' dir='ltr'><strong>obuios</strong></span> <span class='ocrx_word' id='word_1_10' title='bbox 1494 1278 1710 1352; x_wconf 52' lang='lat' dir='ltr'><strong>mrumst</strong></span> <span class='ocrx_word' id='word_1_11' title='bbox 1742 1297 1818 1358; x_wconf 83' lang='lat' dir='ltr'><strong>quae</strong></span> <span class='ocrx_word' id='word_1_12' title='bbox 1840 1289 1916 1343; x_wconf 84' lang='lat' dir='ltr'><strong>teste</strong></span> <span class='ocrx_word' id='word_1_13' title='bbox 1938 1283 2091 1346; x_wconf 83' lang='lat' dir='ltr'><strong>PriseIauc</strong></span> 
     </span>
     <span class='ocr_line' id='line_1_3' title="bbox 512 1391 2092 1488; baseline 0 -34"><span class='ocrx_word' id='word_1_14' title='bbox 512 1393 605 1467; x_wconf 80' lang='lat' dir='ltr'>VIII,</span> <span class='ocrx_word' id='word_1_15' title='bbox 637 1396 692 1468; x_wconf 80' lang='lat' dir='ltr'><strong>ld,</strong></span> <span class='ocrx_word' id='word_1_16' title='bbox 724 1395 778 1455; x_wconf 77' lang='lat'><strong>83.¹</strong></span> <span class='ocrx_word' id='word_1_17' title='bbox 808 1414 839 1472; x_wconf 93' lang='lat' dir='ltr'><strong>p.</strong></span> <span class='ocrx_word' id='word_1_18' title='bbox 868 1395 940 1456; x_wconf 85' lang='grc'><strong>419.</strong></span> <span class='ocrx_word' id='word_1_19' title='bbox 970 1395 1023 1456; x_wconf 84' lang='grc' dir='ltr'><strong>Κι.</strong></span> <span class='ocrx_word' id='word_1_20' title='bbox 1045 1398 1075 1456; x_wconf 93' lang='lat' dir='ltr'><strong>in</strong></span> <span class='ocrx_word' id='word_1_21' title='bbox 1096 1395 1292 1456; x_wconf 71' lang='lat' dir='ltr'><strong>Historiarum</strong></span> <span class='ocrx_word' id='word_1_22' title='bbox 1320 1394 1396 1455; x_wconf 89' lang='lat' dir='ltr'><strong>libro</strong></span> <span class='ocrx_word' id='word_1_23' title='bbox 1424 1393 1450 1453; x_wconf 89' lang='lat'><strong>1.</strong></span> <span class='ocrx_word' id='word_1_24' title='bbox 1482 1397 1525 1454; x_wconf 87' lang='lat' dir='ltr'><strong>sic</strong></span> <span class='ocrx_word' id='word_1_25' title='bbox 1554 1391 1763 1488; x_wconf 50' lang='lat' dir='ltr'><strong>legebanturr⁸</strong></span> <span class='ocrx_word' id='word_1_26' title='bbox 1799 1392 1898 1472; x_wconf 75' lang='lat' dir='ltr'><strong>,Equi</strong></span> <span class='ocrx_word' id='word_1_27' title='bbox 1918 1398 1974 1453; x_wconf 80' lang='lat' dir='ltr'><strong>rim</strong></span> <span class='ocrx_word' id='word_1_28' title='bbox 1993 1401 2092 1454; x_wconf 72' lang='lat' dir='ltr'><strong>restare</strong></span> 
     </span>
     <span class='ocr_line' id='line_1_4' title="bbox 514 1503 2089 1584; baseline 0.003 -20"><span class='ocrx_word' id='word_1_29' title='bbox 514 1509 640 1566; x_wconf 69' lang='lat' dir='ltr'><strong>catomo·</strong></span> <span class='ocrx_word' id='word_1_30' title='bbox 654 1511 705 1564; x_wconf 84' lang='lat' dir='ltr'><strong>ont</strong></span> <span class='ocrx_word' id='word_1_31' title='bbox 724 1509 814 1564; x_wconf 76' lang='lat' dir='ltr'><strong>runai</strong></span> <span class='ocrx_word' id='word_1_32' title='bbox 832 1507 1064 1568; x_wconf 78' lang='lat' dir='ltr'><strong>cmrtemautnr.“</strong></span> <span class='ocrx_word' id='word_1_33' title='bbox 1111 1507 1180 1567; x_wconf 81' lang='lat' dir='ltr'><strong>Alia</strong></span> <span class='ocrx_word' id='word_1_34' title='bbox 1206 1509 1268 1568; x_wconf 88' lang='lat' dir='ltr'><strong>eius</strong></span> <span class='ocrx_word' id='word_1_35' title='bbox 1297 1509 1415 1582; x_wconf 85' lang='lat' dir='ltr'><strong>generis</strong></span> <span class='ocrx_word' id='word_1_36' title='bbox 1443 1508 1612 1566; x_wconf 78' lang='lat' dir='ltr'><strong>notavimus</strong></span> <span class='ocrx_word' id='word_1_37' title='bbox 1641 1503 1678 1564; x_wconf 88' lang='lat' dir='ltr'><strong>ad</strong></span> <span class='ocrx_word' id='word_1_38' title='bbox 1701 1503 1778 1566; x_wconf 86' lang='lat' dir='ltr'><strong>Hist.</strong></span> <span class='ocrx_word' id='word_1_39' title='bbox 1802 1505 1919 1582; x_wconf 79' lang='lat' dir='ltr'><strong>Fragm.</strong></span> <span class='ocrx_word' id='word_1_40' title='bbox 1940 1506 1963 1582; x_wconf 90' lang='lat'><strong>1,</strong></span> <span class='ocrx_word' id='word_1_41' title='bbox 1990 1503 2038 1569; x_wconf 89' lang='lat' dir='ltr'><strong>tt.</strong></span> <span class='ocrx_word' id='word_1_42' title='bbox 2059 1523 2089 1584; x_wconf 76' lang='lat' dir='ltr'><strong>p.</strong></span> 
     </span>
     <span class='ocr_line' id='line_1_5' title="bbox 518 1599 2091 1696; baseline 0.001 -19"><span class='ocrx_word' id='word_1_43' title='bbox 518 1619 568 1677; x_wconf 84' lang='lat'><strong>13.</strong></span> <span class='ocrx_word' id='word_1_44' title='bbox 613 1617 637 1692; x_wconf 94' lang='lat' dir='ltr'><strong>I,</strong></span> <span class='ocrx_word' id='word_1_45' title='bbox 662 1618 712 1679; x_wconf 74' lang='lat'><strong>57.</strong></span> <span class='ocrx_word' id='word_1_46' title='bbox 734 1599 765 1695; x_wconf 90' lang='lat' dir='ltr'><strong>p.</strong></span> <span class='ocrx_word' id='word_1_47' title='bbox 790 1619 840 1678; x_wconf 85' lang='grc'><strong>89.</strong></span> <span class='ocrx_word' id='word_1_48' title='bbox 886 1618 969 1695; x_wconf 86' lang='lat' dir='ltr'><strong>Quae</strong></span> <span class='ocrx_word' id='word_1_49' title='bbox 993 1637 1081 1696; x_wconf 90' lang='lat' dir='ltr'><strong>quum</strong></span> <span class='ocrx_word' id='word_1_50' title='bbox 1105 1619 1279 1679; x_wconf 87' lang='lat' dir='ltr'><strong>documento</strong></span> <span class='ocrx_word' id='word_1_51' title='bbox 1302 1622 1360 1678; x_wconf 88' lang='lat' dir='ltr'><strong>sint</strong></span> <span class='ocrx_word' id='word_1_52' title='bbox 1383 1617 1520 1676; x_wconf 82' lang='lat' dir='ltr'><strong>Tacitum</strong></span> <span class='ocrx_word' id='word_1_53' title='bbox 1548 1633 1585 1675; x_wconf 84' lang='lat' dir='ltr'><strong>ex</strong></span> <span class='ocrx_word' id='word_1_54' title='bbox 1613 1615 1748 1692; x_wconf 89' lang='lat' dir='ltr'><strong>diligenti</strong></span> <span class='ocrx_word' id='word_1_55' title='bbox 1774 1619 2091 1694; x_wconf 86' lang='lat' dir='ltr'><strong>praestantissimorum</strong></span> 
     </span>
     <span class='ocr_line' id='line_1_6' title="bbox 516 1728 2091 1808; baseline 0.001 -20"><span class='ocrx_word' id='word_1_56' title='bbox 516 1737 669 1806; x_wconf 87' lang='lat' dir='ltr'><strong>posterum</strong></span> <span class='ocrx_word' id='word_1_57' title='bbox 697 1737 789 1807; x_wconf 87' lang='lat' dir='ltr'><strong>atque</strong></span> <span class='ocrx_word' id='word_1_58' title='bbox 819 1733 991 1808; x_wconf 85' lang='lat' dir='ltr'><strong>scriptorum</strong></span> <span class='ocrx_word' id='word_1_59' title='bbox 1020 1733 1147 1792; x_wconf 85' lang='lat' dir='ltr'><strong>lectione</strong></span> <span class='ocrx_word' id='word_1_60' title='bbox 1175 1730 1223 1796; x_wconf 84' lang='lat' dir='ltr'><strong>hia</strong></span> <span class='ocrx_word' id='word_1_61' title='bbox 1244 1729 1305 1790; x_wconf 92' lang='lat' dir='ltr'><strong>illic</strong></span> <span class='ocrx_word' id='word_1_62' title='bbox 1327 1728 1472 1806; x_wconf 80' lang='lat' dir='ltr'><strong>quaedam</strong></span> <span class='ocrx_word' id='word_1_63' title='bbox 1494 1733 1524 1786; x_wconf 93' lang='lat' dir='ltr'><strong>in</strong></span> <span class='ocrx_word' id='word_1_64' title='bbox 1546 1743 1633 1788; x_wconf 88' lang='lat' dir='ltr'><strong>suum</strong></span> <span class='ocrx_word' id='word_1_65' title='bbox 1654 1743 1740 1788; x_wconf 88' lang='lat' dir='ltr'><strong>usum</strong></span> <span class='ocrx_word' id='word_1_66' title='bbox 1762 1734 1960 1807; x_wconf 88' lang='lat' dir='ltr'><strong>convertisse,</strong></span> <span class='ocrx_word' id='word_1_67' title='bbox 1994 1747 2091 1808; x_wconf 89' lang='lat' dir='ltr'><strong>neque</strong></span> 
     </span>
     <span class='ocr_line' id='line_1_7' title="bbox 437 1819 2089 1920; baseline 0.001 -18"><span class='ocrx_word' id='word_1_68' title='bbox 437 1819 441 1844; x_wconf 71' lang='lat'>¹</span> <span class='ocrx_word' id='word_1_69' title='bbox 517 1842 661 1902; x_wconf 77' lang='lat' dir='ltr'><strong>serviliter</strong></span> <span class='ocrx_word' id='word_1_70' title='bbox 681 1843 712 1902; x_wconf 90' lang='lat' dir='ltr'><strong>id</strong></span> <span class='ocrx_word' id='word_1_71' title='bbox 735 1851 765 1902; x_wconf 87' lang='lat' dir='ltr'><strong>at</strong></span> <span class='ocrx_word' id='word_1_72' title='bbox 786 1846 936 1920; x_wconf 90' lang='lat' dir='ltr'><strong>imperite,</strong></span> <span class='ocrx_word' id='word_1_73' title='bbox 965 1843 1018 1903; x_wconf 92' lang='lat' dir='ltr'><strong>sed</strong></span> <span class='ocrx_word' id='word_1_74' title='bbox 1041 1843 1140 1904; x_wconf 84' lang='lat' dir='ltr'><strong>dextre</strong></span> <span class='ocrx_word' id='word_1_75' title='bbox 1163 1849 1192 1902; x_wconf 87' lang='lat' dir='ltr'><strong>et</strong></span> <span class='ocrx_word' id='word_1_76' title='bbox 1217 1857 1284 1901; x_wconf 91' lang='lat' dir='ltr'><strong>cum</strong></span> <span class='ocrx_word' id='word_1_77' title='bbox 1305 1843 1413 1901; x_wconf 87' lang='lat' dir='ltr'><strong>iudicio</strong></span> <span class='ocrx_word' id='word_1_78' title='bbox 1438 1842 1560 1917; x_wconf 86' lang='lat' dir='ltr'><strong>iecisse,</strong></span> <span class='ocrx_word' id='word_1_79' title='bbox 1591 1839 1715 1899; x_wconf 86' lang='lat' dir='ltr'><strong>Werrius</strong></span> <span class='ocrx_word' id='word_1_80' title='bbox 1737 1840 1875 1920; x_wconf 88' lang='lat' dir='ltr'><strong>Prolegg.</strong></span> <span class='ocrx_word' id='word_1_81' title='bbox 1902 1858 1932 1919; x_wconf 89' lang='lat' dir='ltr'><strong>p.</strong></span> <span class='ocrx_word' id='word_1_82' title='bbox 1960 1845 2022 1902; x_wconf 79' lang='lat' dir='ltr'><strong>tao</strong></span> <span class='ocrx_word' id='word_1_83' title='bbox 2045 1859 2089 1920; x_wconf 81' lang='lat' dir='ltr'><strong>su.</strong></span> 
     </span>
     <span class='ocr_line' id='line_1_8' title="bbox 517 1951 2091 2033; baseline 0.001 -20"><span class='ocrx_word' id='word_1_84' title='bbox 517 1954 610 2014; x_wconf 83' lang='lat' dir='ltr'><strong>rerba</strong></span> <span class='ocrx_word' id='word_1_85' title='bbox 632 1959 656 2011; x_wconf 82' lang='lat' dir='ltr'><strong>rt</strong></span> <span class='ocrx_word' id='word_1_86' title='bbox 678 1954 825 2033; x_wconf 80' lang='lat' dir='ltr'><strong>alr&#39;puando</strong></span> <span class='ocrx_word' id='word_1_87' title='bbox 847 1958 928 2012; x_wconf 78' lang='lat' dir='ltr'><strong>etr&#39;om</strong></span> <span class='ocrx_word' id='word_1_88' title='bbox 949 1957 1026 2012; x_wconf 79' lang='lat' dir='ltr'><strong>uictis</strong></span> <span class='ocrx_word' id='word_1_89' title='bbox 1047 1958 1090 2012; x_wconf 80' lang='lat' dir='ltr'><strong>iro</strong></span> <span class='ocrx_word' id='word_1_90' title='bbox 1117 1960 1252 2032; x_wconf 75' lang='lat' dir='ltr'><strong>uirtusque</strong></span> <span class='ocrx_word' id='word_1_91' title='bbox 1273 1953 1348 2014; x_wconf 89' lang='lat' dir='ltr'><strong>adeo</strong></span> <span class='ocrx_word' id='word_1_92' title='bbox 1370 1967 1607 2030; x_wconf 80' lang='lat' dir='ltr'><strong>supervacanea,</strong></span> <span class='ocrx_word' id='word_1_93' title='bbox 1628 1951 1772 2012; x_wconf 79' lang='lat' dir='ltr'><strong>tralaticia</strong></span> <span class='ocrx_word' id='word_1_94' title='bbox 1792 1961 1821 2014; x_wconf 90' lang='lat' dir='ltr'><strong>ct</strong></span> <span class='ocrx_word' id='word_1_95' title='bbox 1842 1955 1947 2015; x_wconf 80' lang='lat' dir='ltr'><strong>Tacito</strong></span> <span class='ocrx_word' id='word_1_96' title='bbox 1969 1955 2091 2031; x_wconf 87' lang='lat' dir='ltr'><strong>indigne</strong></span> 
     </span>
     <span class='ocr_line' id='line_1_9' title="bbox 516 2064 2089 2144; baseline 0.002 -20"><span class='ocrx_word' id='word_1_97' title='bbox 516 2065 640 2144; x_wconf 87' lang='lat' dir='ltr'><strong>iudicat,</strong></span> <span class='ocrx_word' id='word_1_98' title='bbox 663 2075 696 2126; x_wconf 91' lang='lat' dir='ltr'><strong>ut</strong></span> <span class='ocrx_word' id='word_1_99' title='bbox 717 2070 766 2125; x_wconf 82' lang='lat' dir='ltr'><strong>vix</strong></span> <span class='ocrx_word' id='word_1_100' title='bbox 790 2065 915 2127; x_wconf 86' lang='lat' dir='ltr'><strong>dubitari</strong></span> <span class='ocrx_word' id='word_1_101' title='bbox 937 2071 1047 2143; x_wconf 79' lang='lat' dir='ltr'><strong>possit,</strong></span> <span class='ocrx_word' id='word_1_102' title='bbox 1073 2072 1142 2143; x_wconf 86' lang='lat' dir='ltr'><strong>quin</strong></span> <span class='ocrx_word' id='word_1_103' title='bbox 1164 2083 1182 2124; x_wconf 91' lang='lat' dir='ltr'><strong>a</strong></span> <span class='ocrx_word' id='word_1_104' title='bbox 1204 2066 1383 2142; x_wconf 74' lang='lat' dir='ltr'><strong>glossatore,</strong></span> <span class='ocrx_word' id='word_1_105' title='bbox 1408 2065 1563 2140; x_wconf 88' lang='lat' dir='ltr'><strong>Virgiliaui</strong></span> <span class='ocrx_word' id='word_1_106' title='bbox 1586 2064 1645 2122; x_wconf 92' lang='lat' dir='ltr'><strong>loci</strong></span> <span class='ocrx_word' id='word_1_107' title='bbox 1666 2075 1809 2143; x_wconf 89' lang='lat' dir='ltr'><strong>memore,</strong></span> <span class='ocrx_word' id='word_1_108' title='bbox 1835 2071 1963 2143; x_wconf 90' lang='lat' dir='ltr'><strong>ascripta</strong></span> <span class='ocrx_word' id='word_1_109' title='bbox 1984 2078 2089 2144; x_wconf 85' lang='lat' dir='ltr'><strong>postea</strong></span> 
     </span>
     <span class='ocr_line' id='line_1_10' title="bbox 517 2175 2088 2254; baseline 0.001 -16"><span class='ocrx_word' id='word_1_110' title='bbox 517 2179 548 2238; x_wconf 90' lang='lat' dir='ltr'><strong>in</strong></span> <span class='ocrx_word' id='word_1_111' title='bbox 578 2185 690 2238; x_wconf 83' lang='lat' dir='ltr'><strong>textum</strong></span> <span class='ocrx_word' id='word_1_112' title='bbox 719 2181 860 2238; x_wconf 83' lang='lat' dir='ltr'><strong>venerint</strong></span> <span class='ocrx_word' id='word_1_113' title='bbox 905 2177 1007 2252; x_wconf 83' lang='lat' dir='ltr'><strong>Ipsam</strong></span> <span class='ocrx_word' id='word_1_114' title='bbox 1031 2181 1194 2238; x_wconf 87' lang='lat' dir='ltr'><strong>iuncturam</strong></span> <span class='ocrx_word' id='word_1_115' title='bbox 1225 2195 1278 2254; x_wconf 87' lang='lat' dir='ltr'><strong>per</strong></span> <span class='ocrx_word' id='word_1_116' title='bbox 1304 2183 1329 2235; x_wconf 80' lang='lat' dir='ltr'><strong>et</strong></span> <span class='ocrx_word' id='word_1_117' title='bbox 1357 2180 1465 2237; x_wconf 86' lang='lat' dir='ltr'><strong>iactam</strong></span> <span class='ocrx_word' id='word_1_118' title='bbox 1494 2176 1524 2234; x_wconf 89' lang='lat' dir='ltr'><strong>ld</strong></span> <span class='ocrx_word' id='word_1_119' title='bbox 1545 2175 1715 2250; x_wconf 83' lang='lat' dir='ltr'><strong>ostendere3</strong></span> <span class='ocrx_word' id='word_1_120' title='bbox 1743 2181 1784 2237; x_wconf 87' lang='lat' dir='ltr'><strong>ita</strong></span> <span class='ocrx_word' id='word_1_121' title='bbox 1815 2183 1892 2239; x_wconf 88' lang='lat' dir='ltr'><strong>enim</strong></span> <span class='ocrx_word' id='word_1_122' title='bbox 1914 2177 2088 2241; x_wconf 84' lang='lat' dir='ltr'><strong>scholiastae</strong></span> 
     </span>
     <span class='ocr_line' id='line_1_11' title="bbox 520 2267 2121 2368; baseline 0.002 -19"><span class='ocrx_word' id='word_1_123' title='bbox 520 2307 644 2366; x_wconf 75' lang='lat' dir='ltr'><strong>gracum</strong></span> <span class='ocrx_word' id='word_1_124' title='bbox 668 2291 925 2366; x_wconf 80' lang='lat' dir='ltr'><strong>Interpretamenta</strong></span> <span class='ocrx_word' id='word_1_125' title='bbox 943 2305 998 2346; x_wconf 87' lang='lat' dir='ltr'><strong>sna</strong></span> <span class='ocrx_word' id='word_1_126' title='bbox 1020 2289 1164 2349; x_wconf 85' lang='lat' dir='ltr'><strong>inchoare.</strong></span> <span class='ocrx_word' id='word_1_127' title='bbox 1208 2267 1294 2365; x_wconf 33' lang='lat' dir='ltr'><strong>&#39;Quae</strong></span> <span class='ocrx_word' id='word_1_128' title='bbox 1324 2306 1412 2366; x_wconf 89' lang='lat' dir='ltr'><strong>qnam</strong></span> <span class='ocrx_word' id='word_1_129' title='bbox 1444 2293 1515 2348; x_wconf 87' lang='lat' dir='ltr'><strong>cliro</strong></span> <span class='ocrx_word' id='word_1_130' title='bbox 1544 2285 1631 2348; x_wconf 86' lang='lat' dir='ltr'><strong>fidem</strong></span> <span class='ocrx_word' id='word_1_131' title='bbox 1661 2291 1795 2364; x_wconf 88' lang='lat' dir='ltr'><strong>quaesita</strong></span> <span class='ocrx_word' id='word_1_132' title='bbox 1821 2295 1895 2368; x_wconf 89' lang='lat' dir='ltr'><strong>sint,</strong></span> <span class='ocrx_word' id='word_1_133' title='bbox 1926 2296 1957 2350; x_wconf 93' lang='lat' dir='ltr'><strong>iu</strong></span> <span class='ocrx_word' id='word_1_134' title='bbox 1987 2293 2087 2353; x_wconf 88' lang='lat' dir='ltr'><strong>oculos</strong></span> <span class='ocrx_word' id='word_1_135' title='bbox 2118 2301 2121 2308; x_wconf 85' lang='grc'><strong>’</strong></span> 
     </span>
     <span class='ocr_line' id='line_1_12' title="bbox 518 2399 2089 2478; baseline 0.002 -17"><span class='ocrx_word' id='word_1_136' title='bbox 518 2405 646 2463; x_wconf 74' lang='lat' dir='ltr'><strong>incurrit.</strong></span> <span class='ocrx_word' id='word_1_137' title='bbox 701 2402 778 2460; x_wconf 89' lang='lat' dir='ltr'><strong>Nam</strong></span> <span class='ocrx_word' id='word_1_138' title='bbox 799 2411 831 2461; x_wconf 91' lang='lat' dir='ltr'><strong>ut</strong></span> <span class='ocrx_word' id='word_1_139' title='bbox 853 2409 967 2461; x_wconf 87' lang='lat' dir='ltr'><strong>taceam</strong></span> <span class='ocrx_word' id='word_1_140' title='bbox 993 2399 1073 2458; x_wconf 85' lang='lat' dir='ltr'><strong>aliud</strong></span> <span class='ocrx_word' id='word_1_141' title='bbox 1104 2419 1167 2461; x_wconf 88' lang='lat' dir='ltr'><strong>esse</strong></span> <span class='ocrx_word' id='word_1_142' title='bbox 1197 2401 1404 2478; x_wconf 85' lang='lat' dir='ltr'><strong>scholiastam,</strong></span> <span class='ocrx_word' id='word_1_143' title='bbox 1433 2403 1514 2460; x_wconf 89' lang='lat' dir='ltr'><strong>cuius</strong></span> <span class='ocrx_word' id='word_1_144' title='bbox 1542 2415 1648 2459; x_wconf 90' lang='lat' dir='ltr'><strong>munus</strong></span> <span class='ocrx_word' id='word_1_145' title='bbox 1676 2409 1720 2460; x_wconf 88' lang='lat' dir='ltr'><strong>est</strong></span> <span class='ocrx_word' id='word_1_146' title='bbox 1750 2402 1911 2464; x_wconf 86' lang='lat' dir='ltr'><strong>difficillura</strong></span> <span class='ocrx_word' id='word_1_147' title='bbox 1941 2404 2031 2464; x_wconf 88' lang='lat' dir='ltr'><strong>verba</strong></span> <span class='ocrx_word' id='word_1_148' title='bbox 2059 2412 2089 2465; x_wconf 90' lang='lat' dir='ltr'><strong>et</strong></span> 
     </span>
     <span class='ocr_line' id='line_1_13' title="bbox 519 2511 2088 2594; baseline 0.001 -20"><span class='ocrx_word' id='word_1_149' title='bbox 519 2517 682 2574; x_wconf 86' lang='lat' dir='ltr'><strong>sententias</strong></span> <span class='ocrx_word' id='word_1_150' title='bbox 705 2513 867 2590; x_wconf 82' lang='lat' dir='ltr'><strong>eprIoare,</strong></span> <span class='ocrx_word' id='word_1_151' title='bbox 899 2511 978 2572; x_wconf 91' lang='lat' dir='ltr'><strong>aliud</strong></span> <span class='ocrx_word' id='word_1_152' title='bbox 1001 2513 1209 2591; x_wconf 77' lang='lat' dir='ltr'><strong>glossatorem,</strong></span> <span class='ocrx_word' id='word_1_153' title='bbox 1240 2517 1288 2588; x_wconf 85' lang='lat' dir='ltr'><strong>qni</strong></span> <span class='ocrx_word' id='word_1_154' title='bbox 1312 2517 1493 2573; x_wconf 86' lang='lat' dir='ltr'><strong>temerariam</strong></span> <span class='ocrx_word' id='word_1_155' title='bbox 1516 2529 1552 2570; x_wconf 87' lang='lat' dir='ltr'><strong>ee</strong></span> <span class='ocrx_word' id='word_1_156' title='bbox 1572 2529 1787 2587; x_wconf 86' lang='lat' dir='ltr'><strong>supervacuam</strong></span> <span class='ocrx_word' id='word_1_157' title='bbox 1810 2533 1928 2592; x_wconf 85' lang='lat' dir='ltr'><strong>operam</strong></span> <span class='ocrx_word' id='word_1_158' title='bbox 1951 2524 2088 2594; x_wconf 81' lang='lat' dir='ltr'><strong>praestat,</strong></span> 
     </span>
     <span class='ocr_line' id='line_1_14' title="bbox 460 2608 2088 2702; baseline 0.003 -18"><span class='ocrx_word' id='word_1_159' title='bbox 460 2667 463 2678; x_wconf 74' lang='grc'><strong>.</strong></span> <span class='ocrx_word' id='word_1_160' title='bbox 520 2629 587 2702; x_wconf 89' lang='lat' dir='ltr'><strong>qnls</strong></span> <span class='ocrx_word' id='word_1_161' title='bbox 611 2625 765 2686; x_wconf 90' lang='lat' dir='ltr'><strong>crediderit</strong></span> <span class='ocrx_word' id='word_1_162' title='bbox 786 2608 962 2684; x_wconf 71' lang='lat' dir='ltr'><strong>monachum</strong></span> <span class='ocrx_word' id='word_1_163' title='bbox 983 2623 1046 2682; x_wconf 89' lang='lat' dir='ltr'><strong>XII</strong></span> <span class='ocrx_word' id='word_1_164' title='bbox 1074 2625 1123 2685; x_wconf 87' lang='lat' dir='ltr'><strong>vel</strong></span> <span class='ocrx_word' id='word_1_165' title='bbox 1153 2625 1217 2684; x_wconf 89' lang='lat' dir='ltr'><strong>XII</strong></span> <span class='ocrx_word' id='word_1_166' title='bbox 1239 2627 1348 2702; x_wconf 89' lang='lat' dir='ltr'><strong>seculi,</strong></span> <span class='ocrx_word' id='word_1_167' title='bbox 1381 2625 1463 2700; x_wconf 90' lang='lat' dir='ltr'><strong>(nam</strong></span> <span class='ocrx_word' id='word_1_168' title='bbox 1486 2624 1575 2683; x_wconf 90' lang='lat' dir='ltr'><strong>talem</strong></span> <span class='ocrx_word' id='word_1_169' title='bbox 1602 2625 1692 2684; x_wconf 85' lang='lat' dir='ltr'><strong>luisse</strong></span> <span class='ocrx_word' id='word_1_170' title='bbox 1714 2623 1909 2700; x_wconf 82' lang='lat' dir='ltr'><strong>glossatorem</strong></span> <span class='ocrx_word' id='word_1_171' title='bbox 1932 2637 2088 2690; x_wconf 87' lang='lat' dir='ltr'><strong>consente-</strong></span> 
     </span>
     <span class='ocr_line' id='line_1_15' title="bbox 518 2719 2089 2818; baseline 0.002 -22"><span class='ocrx_word' id='word_1_172' title='bbox 518 2755 607 2797; x_wconf 90' lang='lat' dir='ltr'><strong>neum</strong></span> <span class='ocrx_word' id='word_1_173' title='bbox 637 2738 724 2812; x_wconf 88' lang='lat' dir='ltr'><strong>iuret)</strong></span> <span class='ocrx_word' id='word_1_174' title='bbox 756 2741 786 2796; x_wconf 90' lang='lat' dir='ltr'><strong>in</strong></span> <span class='ocrx_word' id='word_1_175' title='bbox 814 2737 928 2812; x_wconf 86' lang='lat' dir='ltr'><strong>graecis</strong></span> <span class='ocrx_word' id='word_1_176' title='bbox 958 2735 1125 2796; x_wconf 88' lang='lat' dir='ltr'><strong>scholiastis</strong></span> <span class='ocrx_word' id='word_1_177' title='bbox 1156 2741 1198 2797; x_wconf 88' lang='lat' dir='ltr'><strong>ita</strong></span> <span class='ocrx_word' id='word_1_178' title='bbox 1224 2719 1371 2796; x_wconf 73' lang='lat' dir='ltr'><strong>veracium</strong></span> <span class='ocrx_word' id='word_1_179' title='bbox 1404 2739 1513 2812; x_wconf 84' lang='lat' dir='ltr'><strong>inisse,</strong></span> <span class='ocrx_word' id='word_1_180' title='bbox 1543 2744 1576 2794; x_wconf 90' lang='lat' dir='ltr'><strong>nt</strong></span> <span class='ocrx_word' id='word_1_181' title='bbox 1596 2753 1696 2795; x_wconf 91' lang='lat' dir='ltr'><strong>eornm</strong></span> <span class='ocrx_word' id='word_1_182' title='bbox 1717 2737 1832 2798; x_wconf 88' lang='lat' dir='ltr'><strong>dicendi</strong></span> <span class='ocrx_word' id='word_1_183' title='bbox 1856 2740 1960 2800; x_wconf 90' lang='lat' dir='ltr'><strong>modus</strong></span> <span class='ocrx_word' id='word_1_184' title='bbox 1979 2744 2036 2818; x_wconf 90' lang='lat' dir='ltr'><strong>ipsi</strong></span> <span class='ocrx_word' id='word_1_185' title='bbox 2057 2745 2089 2800; x_wconf 91' lang='lat' dir='ltr'><strong>iu</strong></span> 
     </span>
     <span class='ocr_line' id='line_1_16' title="bbox 518 2835 2088 2928; baseline 0.001 -18"><span class='ocrx_word' id='word_1_186' title='bbox 518 2850 757 2912; x_wconf 88' lang='lat' dir='ltr'><strong>consuetudinem</strong></span> <span class='ocrx_word' id='word_1_187' title='bbox 780 2847 896 2908; x_wconf 80' lang='lat' dir='ltr'><strong>abiret?</strong></span> <span class='ocrx_word' id='word_1_188' title='bbox 941 2847 1076 2908; x_wconf 85' lang='lat' dir='ltr'><strong>Oetcmm</strong></span> <span class='ocrx_word' id='word_1_189' title='bbox 1096 2847 1239 2926; x_wconf 86' lang='lat' dir='ltr'><strong>Wexius,</strong></span> <span class='ocrx_word' id='word_1_190' title='bbox 1262 2851 1357 2908; x_wconf 85' lang='lat' dir='ltr'><strong>miuus</strong></span> <span class='ocrx_word' id='word_1_191' title='bbox 1379 2851 1408 2906; x_wconf 88' lang='lat' dir='ltr'><strong>iu</strong></span> <span class='ocrx_word' id='word_1_192' title='bbox 1430 2835 1574 2907; x_wconf 85' lang='lat' dir='ltr'><strong>hocloco</strong></span> <span class='ocrx_word' id='word_1_193' title='bbox 1598 2865 1686 2924; x_wconf 87' lang='lat' dir='ltr'><strong>quarn</strong></span> <span class='ocrx_word' id='word_1_194' title='bbox 1707 2853 1737 2907; x_wconf 92' lang='lat' dir='ltr'><strong>in</strong></span> <span class='ocrx_word' id='word_1_195' title='bbox 1759 2851 1881 2928; x_wconf 81' lang='lat' dir='ltr'><strong>reltqnis</strong></span> <span class='ocrx_word' id='word_1_196' title='bbox 1903 2853 2004 2912; x_wconf 86' lang='lat' dir='ltr'><strong>iudicii</strong></span> <span class='ocrx_word' id='word_1_197' title='bbox 2026 2869 2088 2912; x_wconf 87' lang='lat' dir='ltr'><strong>cer-</strong></span> 
     </span>
     <span class='ocr_line' id='line_1_17' title="bbox 518 2959 2088 3040; baseline 0.002 -19"><span class='ocrx_word' id='word_1_198' title='bbox 518 2967 582 3039; x_wconf 88' lang='lat' dir='ltr'><strong>ins,</strong></span> <span class='ocrx_word' id='word_1_199' title='bbox 604 2977 782 3039; x_wconf 87' lang='lat' dir='ltr'><strong>quemquam</strong></span> <span class='ocrx_word' id='word_1_200' title='bbox 805 2961 895 3020; x_wconf 88' lang='lat' dir='ltr'><strong>rerba</strong></span> <span class='ocrx_word' id='word_1_201' title='bbox 918 2959 1054 3038; x_wconf 84' lang='lat' dir='ltr'><strong>damnat,</strong></span> <span class='ocrx_word' id='word_1_202' title='bbox 1083 2969 1181 3020; x_wconf 88' lang='lat' dir='ltr'><strong>tamen</strong></span> <span class='ocrx_word' id='word_1_203' title='bbox 1204 2965 1234 3020; x_wconf 93' lang='lat' dir='ltr'><strong>in</strong></span> <span class='ocrx_word' id='word_1_204' title='bbox 1256 2969 1353 3040; x_wconf 83' lang='lat' dir='ltr'><strong>textu,</strong></span> <span class='ocrx_word' id='word_1_205' title='bbox 1383 2969 1491 3037; x_wconf 86' lang='lat' dir='ltr'><strong>puncto</strong></span> <span class='ocrx_word' id='word_1_206' title='bbox 1513 2967 1581 3036; x_wconf 88' lang='lat' dir='ltr'><strong>post</strong></span> <span class='ocrx_word' id='word_1_207' title='bbox 1603 2959 1697 3016; x_wconf 77' lang='lat' dir='ltr'><strong>lamus</strong></span> <span class='ocrx_word' id='word_1_208' title='bbox 1718 2967 1834 3039; x_wconf 89' lang='lat' dir='ltr'><strong>posito,</strong></span> <span class='ocrx_word' id='word_1_209' title='bbox 1857 2983 1894 3023; x_wconf 84' lang='lat' dir='ltr'><strong>ex</strong></span> <span class='ocrx_word' id='word_1_210' title='bbox 1917 2965 1998 3026; x_wconf 88' lang='lat' dir='ltr'><strong>Bosil</strong></span> <span class='ocrx_word' id='word_1_211' title='bbox 2018 2981 2088 3025; x_wconf 92' lang='lat' dir='ltr'><strong>con-</strong></span> 
     </span>
    </p>
   </div>
   <div class='ocr_carea' id='block_1_3' title="bbox 422 3067 2140 3710">
    <p class='ocr_par' dir='ltr' id='par_1_3' title="bbox 422 3067 2140 3710">
     <span class='ocr_line' id='line_1_18' title="bbox 517 3067 2089 3154; baseline 0.001 -19"><span class='ocrx_word' id='word_1_212' title='bbox 517 3079 631 3135; x_wconf 88' lang='lat' dir='ltr'><strong>lectura</strong></span> <span class='ocrx_word' id='word_1_213' title='bbox 658 3075 791 3151; x_wconf 82' lang='lat' dir='ltr'><strong>scrIpsIt:</strong></span> <span class='ocrx_word' id='word_1_214' title='bbox 840 3067 914 3147; x_wconf 73' lang='lat' dir='ltr'><strong>,Er</strong></span> <span class='ocrx_word' id='word_1_215' title='bbox 941 3073 1100 3149; x_wconf 86' lang='lat' dir='ltr'><strong>aliquando</strong></span> <span class='ocrx_word' id='word_1_216' title='bbox 1120 3101 1165 3113; x_wconf 48' lang='lat'><strong>*-</strong></span> <span class='ocrx_word' id='word_1_217' title='bbox 1187 3071 1368 3150; x_wconf 82' lang='lat' dir='ltr'><strong>vtrtnsqua.“</strong></span> <span class='ocrx_word' id='word_1_218' title='bbox 1420 3069 1479 3132; x_wconf 86' lang='lat' dir='ltr'><strong>Sed</strong></span> <span class='ocrx_word' id='word_1_219' title='bbox 1508 3089 1544 3130; x_wconf 89' lang='lat' dir='ltr'><strong>no</strong></span> <span class='ocrx_word' id='word_1_220' title='bbox 1574 3069 1631 3129; x_wconf 91' lang='lat' dir='ltr'><strong>hoc</strong></span> <span class='ocrx_word' id='word_1_221' title='bbox 1662 3070 1781 3146; x_wconf 80' lang='lat' dir='ltr'><strong>qnidam</strong></span> <span class='ocrx_word' id='word_1_222' title='bbox 1808 3093 1919 3137; x_wconf 84' lang='lat' dir='ltr'><strong>rerum.</strong></span> <span class='ocrx_word' id='word_1_223' title='bbox 1973 3077 2089 3154; x_wconf 84' lang='lat' dir='ltr'><strong>Qqupe</strong></span> 
     </span>
     <span class='ocr_line' id='line_1_19' title="bbox 422 3179 2140 3262; baseline 0.002 -17"><span class='ocrx_word' id='word_1_224' title='bbox 422 3179 426 3188; x_wconf 83' lang='lat'>&#39;</span> <span class='ocrx_word' id='word_1_225' title='bbox 520 3185 612 3244; x_wconf 85' lang='lat' dir='ltr'><strong>verba</strong></span> <span class='ocrx_word' id='word_1_226' title='bbox 634 3179 685 3244; x_wconf 91' lang='lat' dir='ltr'><strong>illa</strong></span> <span class='ocrx_word' id='word_1_227' title='bbox 706 3179 745 3242; x_wconf 42' lang='lat' dir='ltr'><strong>iu*</strong></span> <span class='ocrx_word' id='word_1_228' title='bbox 759 3187 956 3260; x_wconf 91' lang='lat' dir='ltr'><strong>suspicionem</strong></span> <span class='ocrx_word' id='word_1_229' title='bbox 978 3191 1085 3244; x_wconf 83' lang='lat' dir='ltr'><strong>vocata</strong></span> <span class='ocrx_word' id='word_1_230' title='bbox 1105 3199 1163 3248; x_wconf 84' lang='lat' dir='ltr'><strong>non</strong></span> <span class='ocrx_word' id='word_1_231' title='bbox 1184 3186 1335 3243; x_wconf 88' lang='lat' dir='ltr'><strong>continent</strong></span> <span class='ocrx_word' id='word_1_232' title='bbox 1357 3183 1523 3261; x_wconf 83' lang='lat' dir='ltr'><strong>generalem</strong></span> <span class='ocrx_word' id='word_1_233' title='bbox 1545 3187 1736 3262; x_wconf 86' lang='lat' dir='ltr'><strong>seutentiam,</strong></span> <span class='ocrx_word' id='word_1_234' title='bbox 1767 3189 1829 3246; x_wconf 88' lang='lat' dir='ltr'><strong>siue</strong></span> <span class='ocrx_word' id='word_1_235' title='bbox 1861 3205 1967 3248; x_wconf 82' lang='lat' dir='ltr'><strong>caussa</strong></span> <span class='ocrx_word' id='word_1_236' title='bbox 1994 3193 2090 3248; x_wconf 84' lang='lat' dir='ltr'><strong>inser-</strong></span> <span class='ocrx_word' id='word_1_237' title='bbox 2131 3219 2140 3228; x_wconf 90' lang='lat'><strong>·</strong></span> 
     </span>
     <span class='ocr_line' id='line_1_20' title="bbox 518 3265 2090 3375; baseline 0.002 -19"><span class='ocrx_word' id='word_1_238' title='bbox 518 3303 579 3356; x_wconf 80' lang='lat' dir='ltr'><strong>tarn</strong></span> <span class='ocrx_word' id='word_1_239' title='bbox 609 3313 707 3373; x_wconf 90' lang='lat' dir='ltr'><strong>neque</strong></span> <span class='ocrx_word' id='word_1_240' title='bbox 737 3311 803 3355; x_wconf 90' lang='lat' dir='ltr'><strong>cnm</strong></span> <span class='ocrx_word' id='word_1_241' title='bbox 833 3301 1011 3370; x_wconf 84' lang='lat' dir='ltr'><strong>praegressis</strong></span> <span class='ocrx_word' id='word_1_242' title='bbox 1035 3265 1253 3367; x_wconf 69' lang='lat' dir='ltr'><strong>cohaerentem,</strong></span> <span class='ocrx_word' id='word_1_243' title='bbox 1282 3294 1333 3354; x_wconf 89' lang='lat' dir='ltr'><strong>sed</strong></span> <span class='ocrx_word' id='word_1_244' title='bbox 1363 3299 1628 3354; x_wconf 88' lang='lat' dir='ltr'><strong>continuatam</strong></span> <span class='ocrx_word' id='word_1_245' title='bbox 1656 3295 1775 3370; x_wconf 84' lang='lat' dir='ltr'><strong>lagae</strong></span> <span class='ocrx_word' id='word_1_246' title='bbox 1797 3299 2006 3375; x_wconf 87' lang='lat' dir='ltr'><strong>cladisque</strong></span> <span class='ocrx_word' id='word_1_247' title='bbox 2030 3301 2090 3359; x_wconf 88' lang='lat' dir='ltr'><strong>de·</strong></span> 
     </span>
     <span class='ocr_line' id='line_1_21' title="bbox 519 3404 2089 3486; baseline 0.002 -18"><span class='ocrx_word' id='word_1_248' title='bbox 519 3412 787 3484; x_wconf 88' lang='lat' dir='ltr'><strong>scriptionem.</strong></span> <span class='ocrx_word' id='word_1_249' title='bbox 830 3404 975 3466; x_wconf 87' lang='lat' dir='ltr'><strong>Nimimm</strong></span> <span class='ocrx_word' id='word_1_250' title='bbox 997 3413 1074 3468; x_wconf 87' lang='lat' dir='ltr'><strong>inter</strong></span> <span class='ocrx_word' id='word_1_251' title='bbox 1094 3411 1262 3467; x_wconf 80' lang='lat' dir='ltr'><strong>universam</strong></span> <span class='ocrx_word' id='word_1_252' title='bbox 1287 3414 1432 3484; x_wconf 86' lang='lat' dir='ltr'><strong>stragem,</strong></span> <span class='ocrx_word' id='word_1_253' title='bbox 1459 3407 1525 3464; x_wconf 82' lang='lat' dir='ltr'><strong>eills</strong></span> <span class='ocrx_word' id='word_1_254' title='bbox 1547 3405 1743 3481; x_wconf 77' lang='lat' dir='ltr'><strong>lugienIIbns,</strong></span> <span class='ocrx_word' id='word_1_255' title='bbox 1774 3407 1840 3467; x_wconf 89' lang='lat' dir='ltr'><strong>aliis</strong></span> <span class='ocrx_word' id='word_1_256' title='bbox 1871 3412 1977 3486; x_wconf 83' lang='lat' dir='ltr'><strong>ignare</strong></span> <span class='ocrx_word' id='word_1_257' title='bbox 2002 3413 2089 3470; x_wconf 90' lang='lat' dir='ltr'><strong>morti</strong></span> 
     </span>
     <span class='ocr_line' id='line_1_22' title="bbox 519 3508 2090 3604; baseline -0.001 -24"><span class='ocrx_word' id='word_1_258' title='bbox 519 3537 552 3580; x_wconf 88' lang='lat' dir='ltr'><strong>se</strong></span> <span class='ocrx_word' id='word_1_259' title='bbox 574 3519 778 3596; x_wconf 84' lang='lat' dir='ltr'><strong>offerentibus,</strong></span> <span class='ocrx_word' id='word_1_260' title='bbox 807 3535 911 3595; x_wconf 84' lang='lat' dir='ltr'><strong>campo</strong></span> <span class='ocrx_word' id='word_1_261' title='bbox 936 3524 1023 3579; x_wconf 88' lang='lat' dir='ltr'><strong>armis</strong></span> <span class='ocrx_word' id='word_1_262' title='bbox 1054 3521 1224 3596; x_wconf 85' lang='lat' dir='ltr'><strong>corporibus</strong></span> <span class='ocrx_word' id='word_1_263' title='bbox 1248 3508 1357 3578; x_wconf 76' lang='lat' dir='ltr'><strong>laceris</strong></span> <span class='ocrx_word' id='word_1_264' title='bbox 1373 3517 1493 3575; x_wconf 76' lang='lat' dir='ltr'><strong>omnbus</strong></span> <span class='ocrx_word' id='word_1_265' title='bbox 1515 3533 1614 3577; x_wconf 87' lang='lat' dir='ltr'><strong>cruore</strong></span> <span class='ocrx_word' id='word_1_266' title='bbox 1638 3519 1801 3595; x_wconf 87' lang='lat' dir='ltr'><strong>completo,</strong></span> <span class='ocrx_word' id='word_1_267' title='bbox 1823 3522 1904 3599; x_wconf 75' lang='lat' dir='ltr'><strong>filare</strong></span> <span class='ocrx_word' id='word_1_268' title='bbox 1923 3527 2003 3604; x_wconf 77' lang='lat' dir='ltr'><strong>etiarn</strong></span> <span class='ocrx_word' id='word_1_269' title='bbox 2025 3541 2090 3580; x_wconf 77' lang='lat' dir='ltr'><strong>noa-</strong></span> 
     </span>
     <span class='ocr_line' id='line_1_23' title="bbox 517 3629 2090 3710; baseline 0.003 -21"><span class='ocrx_word' id='word_1_270' title='bbox 517 3631 600 3709; x_wconf 74' lang='lat' dir='ltr'><strong>aaut,</strong></span> <span class='ocrx_word' id='word_1_271' title='bbox 626 3636 674 3710; x_wconf 79' lang='lat' dir='ltr'><strong>qui</strong></span> <span class='ocrx_word' id='word_1_272' title='bbox 695 3635 754 3704; x_wconf 86' lang='lat' dir='ltr'><strong>r&#39;ra,</strong></span> <span class='ocrx_word' id='word_1_273' title='bbox 785 3633 805 3690; x_wconf 86' lang='lat' dir='ltr'><strong>i.</strong></span> <span class='ocrx_word' id='word_1_274' title='bbox 825 3647 851 3690; x_wconf 86' lang='lat' dir='ltr'><strong>c.</strong></span> <span class='ocrx_word' id='word_1_275' title='bbox 874 3632 987 3707; x_wconf 87' lang='lat' dir='ltr'><strong>furore,</strong></span> <span class='ocrx_word' id='word_1_276' title='bbox 1017 3634 1146 3690; x_wconf 73' lang='lat' dir='ltr'><strong>casaleti</strong></span> <span class='ocrx_word' id='word_1_277' title='bbox 1166 3634 1290 3688; x_wconf 80' lang='lat' dir='ltr'><strong>uirtutem</strong></span> <span class='ocrx_word' id='word_1_278' title='bbox 1311 3629 1491 3700; x_wconf 78' lang='lat' dir='ltr'><strong>ostenderent,</strong></span> <span class='ocrx_word' id='word_1_279' title='bbox 1510 3649 1592 3708; x_wconf 82' lang='lat' dir='ltr'><strong>nepae</strong></span> <span class='ocrx_word' id='word_1_280' title='bbox 1613 3629 1696 3687; x_wconf 81' lang='lat' dir='ltr'><strong>inulti</strong></span> <span class='ocrx_word' id='word_1_281' title='bbox 1717 3633 1903 3691; x_wconf 80' lang='lat' dir='ltr'><strong>occumberent.</strong></span> <span class='ocrx_word' id='word_1_282' title='bbox 1950 3633 2015 3692; x_wconf 89' lang='lat' dir='ltr'><strong>Hac</strong></span> <span class='ocrx_word' id='word_1_283' title='bbox 2038 3632 2090 3693; x_wconf 86' lang='lat' dir='ltr'><strong>de·</strong></span> 
     </span>
    </p>
   </div>
   <div class='ocr_carea' id='block_1_4' title="bbox 431 3741 2093 5166">
    <p class='ocr_par' dir='ltr' id='par_1_4' title="bbox 431 3741 2093 4490">
     <span class='ocr_line' id='line_1_24' title="bbox 518 3741 2088 3822; baseline 0 -18"><span class='ocrx_word' id='word_1_284' title='bbox 518 3761 598 3804; x_wconf 87' lang='lat' dir='ltr'><strong>mem</strong></span> <span class='ocrx_word' id='word_1_285' title='bbox 620 3745 894 3804; x_wconf 81' lang='lat' dir='ltr'><strong>commemoratione</strong></span> <span class='ocrx_word' id='word_1_286' title='bbox 919 3743 1034 3802; x_wconf 86' lang='lat' dir='ltr'><strong>absolvi</strong></span> <span class='ocrx_word' id='word_1_287' title='bbox 1057 3746 1216 3820; x_wconf 88' lang='lat' dir='ltr'><strong>imaginem</strong></span> <span class='ocrx_word' id='word_1_288' title='bbox 1239 3747 1322 3800; x_wconf 82' lang='lat' dir='ltr'><strong>saevi</strong></span> <span class='ocrx_word' id='word_1_289' title='bbox 1344 3741 1505 3818; x_wconf 82' lang='lat' dir='ltr'><strong>spectaculi</strong></span> <span class='ocrx_word' id='word_1_290' title='bbox 1527 3759 1588 3802; x_wconf 92' lang='lat' dir='ltr'><strong>non</strong></span> <span class='ocrx_word' id='word_1_291' title='bbox 1611 3745 1706 3818; x_wconf 87' lang='lat' dir='ltr'><strong>magis</strong></span> <span class='ocrx_word' id='word_1_292' title='bbox 1729 3743 1836 3822; x_wconf 89' lang='lat' dir='ltr'><strong>liquet,</strong></span> <span class='ocrx_word' id='word_1_293' title='bbox 1869 3763 1957 3820; x_wconf 90' lang='lat' dir='ltr'><strong>quam</strong></span> <span class='ocrx_word' id='word_1_294' title='bbox 1989 3745 2088 3819; x_wconf 84' lang='lat' dir='ltr'><strong>verbo,</strong></span> 
     </span>
     <span class='ocr_line' id='line_1_25' title="bbox 520 3853 2089 3933; baseline 0.001 -18"><span class='ocrx_word' id='word_1_295' title='bbox 520 3856 626 3932; x_wconf 87' lang='lat' dir='ltr'><strong>quibus</strong></span> <span class='ocrx_word' id='word_1_296' title='bbox 648 3859 795 3916; x_wconf 79' lang='lat' dir='ltr'><strong>sententIa</strong></span> <span class='ocrx_word' id='word_1_297' title='bbox 814 3857 985 3932; x_wconf 88' lang='lat' dir='ltr'><strong>contiuetnr,</strong></span> <span class='ocrx_word' id='word_1_298' title='bbox 1008 3871 1126 3932; x_wconf 87' lang='lat' dir='ltr'><strong>prorsus</strong></span> <span class='ocrx_word' id='word_1_299' title='bbox 1150 3873 1215 3916; x_wconf 88' lang='lat' dir='ltr'><strong>esse</strong></span> <span class='ocrx_word' id='word_1_300' title='bbox 1238 3871 1274 3914; x_wconf 83' lang='lat' dir='ltr'><strong>ex</strong></span> <span class='ocrx_word' id='word_1_301' title='bbox 1287 3853 1382 3914; x_wconf 78' lang='lat' dir='ltr'><strong>Taciti</strong></span> <span class='ocrx_word' id='word_1_302' title='bbox 1402 3854 1621 3916; x_wconf 86' lang='lat' dir='ltr'><strong>consuetudine.</strong></span> <span class='ocrx_word' id='word_1_303' title='bbox 1666 3855 1741 3914; x_wconf 85' lang='lat' dir='ltr'><strong>Nem</strong></span> <span class='ocrx_word' id='word_1_304' title='bbox 1757 3856 1904 3933; x_wconf 72' lang='lat' dir='ltr'><strong>stipando</strong></span> <span class='ocrx_word' id='word_1_305' title='bbox 1918 3859 2089 3932; x_wconf 80' lang='lat' dir='ltr'><strong>saeptasime</strong></span> 
     </span>
     <span class='ocr_line' id='line_1_26' title="bbox 431 3961 2090 4047; baseline 0.001 -22"><span class='ocrx_word' id='word_1_306' title='bbox 431 4003 432 4006; x_wconf 60' lang='lat'><em>=</em></span> <span class='ocrx_word' id='word_1_307' title='bbox 519 3961 642 4044; x_wconf 85' lang='lat' dir='ltr'><strong>usurpat</strong></span> <span class='ocrx_word' id='word_1_308' title='bbox 661 3967 697 4028; x_wconf 87' lang='lat' dir='ltr'><strong>de</strong></span> <span class='ocrx_word' id='word_1_309' title='bbox 721 3972 775 4045; x_wconf 87' lang='lat' dir='ltr'><strong>iis,</strong></span> <span class='ocrx_word' id='word_1_310' title='bbox 808 3983 883 4044; x_wconf 87' lang='lat' dir='ltr'><strong>quae</strong></span> <span class='ocrx_word' id='word_1_311' title='bbox 905 3967 1056 4039; x_wconf 73' lang='lat' dir='ltr'><strong>ctorem,</strong></span> <span class='ocrx_word' id='word_1_312' title='bbox 1085 3963 1386 4042; x_wconf 62' lang='lat' dir='ltr'><strong>vellerauellera</strong></span> <span class='ocrx_word' id='word_1_313' title='bbox 1414 3967 1451 4024; x_wconf 84' lang='lat' dir='ltr'><strong>cl.</strong></span> <span class='ocrx_word' id='word_1_314' title='bbox 1482 3981 1507 4024; x_wconf 89' lang='lat' dir='ltr'><strong>c.</strong></span> <span class='ocrx_word' id='word_1_315' title='bbox 1539 3966 1569 4026; x_wconf 86' lang='grc'><strong>8.</strong></span> <span class='ocrx_word' id='word_1_316' title='bbox 1593 3965 1622 4025; x_wconf 81' lang='grc'><strong>9.</strong></span> <span class='ocrx_word' id='word_1_317' title='bbox 1649 3970 1698 4026; x_wconf 81' lang='lat' dir='ltr'><strong>lt.</strong></span> <span class='ocrx_word' id='word_1_318' title='bbox 1721 3968 1771 4026; x_wconf 75' lang='grc'><strong>118.</strong></span> <span class='ocrx_word' id='word_1_319' title='bbox 1795 3969 1852 4046; x_wconf 80' lang='grc'><strong>38;</strong></span> <span class='ocrx_word' id='word_1_320' title='bbox 1884 3971 1927 4026; x_wconf 80' lang='lat' dir='ltr'><strong>iro</strong></span> <span class='ocrx_word' id='word_1_321' title='bbox 1957 3971 2090 4047; x_wconf 73' lang='lat' dir='ltr'><strong>mrlurpnr</strong></span> 
     </span>
     <span class='ocr_line' id='line_1_27' title="bbox 518 4070 2090 4166; baseline 0.001 -27"><span class='ocrx_word' id='word_1_322' title='bbox 518 4095 572 4156; x_wconf 89' lang='lat' dir='ltr'><strong>per</strong></span> <span class='ocrx_word' id='word_1_323' title='bbox 594 4075 633 4140; x_wconf 78' lang='grc' dir='ltr'><strong>ἓν</strong></span> <span class='ocrx_word' id='word_1_324' title='bbox 655 4070 710 4140; x_wconf 71' lang='grc' dir='ltr'><strong>διὰ</strong></span> <span class='ocrx_word' id='word_1_325' title='bbox 732 4077 828 4142; x_wconf 71' lang='lat' dir='ltr'><strong>duodo</strong></span> <span class='ocrx_word' id='word_1_326' title='bbox 850 4079 974 4156; x_wconf 88' lang='lat' dir='ltr'><strong>dictum,</strong></span> <span class='ocrx_word' id='word_1_327' title='bbox 1004 4095 1063 4156; x_wconf 88' lang='lat' dir='ltr'><strong>qua</strong></span> <span class='ocrx_word' id='word_1_328' title='bbox 1090 4079 1185 4156; x_wconf 87' lang='lat' dir='ltr'><strong>figura</strong></span> <span class='ocrx_word' id='word_1_329' title='bbox 1206 4077 1279 4138; x_wconf 92' lang='lat' dir='ltr'><strong>nihil</strong></span> <span class='ocrx_word' id='word_1_330' title='bbox 1301 4085 1346 4137; x_wconf 88' lang='lat' dir='ltr'><strong>est</strong></span> <span class='ocrx_word' id='word_1_331' title='bbox 1368 4077 1547 4166; x_wconf 77' lang='lat' dir='ltr'><strong>frequentius</strong></span> <span class='ocrx_word' id='word_1_332' title='bbox 1570 4078 1650 4154; x_wconf 87' lang='lat' dir='ltr'><strong>apud</strong></span> <span class='ocrx_word' id='word_1_333' title='bbox 1671 4078 1825 4158; x_wconf 84' lang='lat' dir='ltr'><strong>Tacitum,</strong></span> <span class='ocrx_word' id='word_1_334' title='bbox 1856 4081 1894 4139; x_wconf 88' lang='lat' dir='ltr'><strong>cl.</strong></span> <span class='ocrx_word' id='word_1_335' title='bbox 1924 4079 2025 4140; x_wconf 89' lang='lat' dir='ltr'><strong>Rothii</strong></span> <span class='ocrx_word' id='word_1_336' title='bbox 2053 4081 2090 4140; x_wconf 89' lang='lat' dir='ltr'><strong>ds</strong></span> 
     </span>
     <span class='ocr_line' id='line_1_28' title="bbox 520 4189 2091 4285; baseline 0.001 -35"><span class='ocrx_word' id='word_1_337' title='bbox 520 4207 557 4250; x_wconf 90' lang='lat' dir='ltr'><strong>ea</strong></span> <span class='ocrx_word' id='word_1_338' title='bbox 577 4209 608 4285; x_wconf 78' lang='lat' dir='ltr'><strong>re</strong></span> <span class='ocrx_word' id='word_1_339' title='bbox 623 4189 808 4268; x_wconf 77' lang='lat' dir='ltr'><strong>&#39;peculiarem</strong></span> <span class='ocrx_word' id='word_1_340' title='bbox 838 4190 969 4266; x_wconf 81' lang='lat' dir='ltr'><strong>libellum</strong></span> <span class='ocrx_word' id='word_1_341' title='bbox 996 4209 1022 4250; x_wconf 88' lang='lat' dir='ltr'><strong>a.</strong></span> <span class='ocrx_word' id='word_1_342' title='bbox 1055 4193 1138 4251; x_wconf 80' lang='grc'><strong>1826</strong></span> <span class='ocrx_word' id='word_1_343' title='bbox 1163 4189 1290 4267; x_wconf 90' lang='lat' dir='ltr'><strong>editum,</strong></span> <span class='ocrx_word' id='word_1_344' title='bbox 1321 4197 1352 4248; x_wconf 86' lang='lat' dir='ltr'><strong>et</strong></span> <span class='ocrx_word' id='word_1_345' title='bbox 1378 4189 1579 4249; x_wconf 80' lang='lat' dir='ltr'><strong>EclrsteIninm</strong></span> <span class='ocrx_word' id='word_1_346' title='bbox 1606 4193 1635 4249; x_wconf 90' lang='lat' dir='ltr'><strong>in</strong></span> <span class='ocrx_word' id='word_1_347' title='bbox 1664 4191 1759 4252; x_wconf 90' lang='lat' dir='ltr'><strong>indice</strong></span> <span class='ocrx_word' id='word_1_348' title='bbox 1788 4191 1832 4252; x_wconf 89' lang='lat' dir='ltr'><strong>ed.</strong></span> <span class='ocrx_word' id='word_1_349' title='bbox 1860 4191 2091 4269; x_wconf 85' lang='lat' dir='ltr'><strong>Waltherianac,</strong></span> 
     </span>
     <span class='ocr_line' id='line_1_29' title="bbox 519 4275 2093 4382; baseline -0.001 -20"><span class='ocrx_word' id='word_1_350' title='bbox 519 4301 589 4362; x_wconf 87' lang='lat' dir='ltr'><strong>Vol.</strong></span> <span class='ocrx_word' id='word_1_351' title='bbox 610 4302 663 4364; x_wconf 81' lang='lat' dir='ltr'><strong>IV.</strong></span> <span class='ocrx_word' id='word_1_352' title='bbox 685 4319 715 4380; x_wconf 90' lang='lat' dir='ltr'><strong>p.</strong></span> <span class='ocrx_word' id='word_1_353' title='bbox 739 4304 829 4380; x_wconf 80' lang='lat' dir='ltr'><strong>tlt.;</strong></span> <span class='ocrx_word' id='word_1_354' title='bbox 861 4303 987 4379; x_wconf 86' lang='lat' dir='ltr'><strong>deniqne</strong></span> <span class='ocrx_word' id='word_1_355' title='bbox 1012 4275 1149 4364; x_wconf 85' lang='lat' dir='ltr'><strong>concisae</strong></span> <span class='ocrx_word' id='word_1_356' title='bbox 1179 4302 1312 4362; x_wconf 87' lang='lat' dir='ltr'><strong>dictionis</strong></span> <span class='ocrx_word' id='word_1_357' title='bbox 1334 4301 1462 4362; x_wconf 87' lang='lat' dir='ltr'><strong>studium</strong></span> <span class='ocrx_word' id='word_1_358' title='bbox 1485 4303 1512 4360; x_wconf 91' lang='lat' dir='ltr'><strong>ei</strong></span> <span class='ocrx_word' id='word_1_359' title='bbox 1533 4307 1682 4380; x_wconf 88' lang='lat' dir='ltr'><strong>proprium</strong></span> <span class='ocrx_word' id='word_1_360' title='bbox 1704 4299 1829 4364; x_wconf 83' lang='lat' dir='ltr'><strong>cernitur</strong></span> <span class='ocrx_word' id='word_1_361' title='bbox 1849 4307 1880 4362; x_wconf 91' lang='lat' dir='ltr'><strong>in</strong></span> <span class='ocrx_word' id='word_1_362' title='bbox 1903 4310 2011 4364; x_wconf 90' lang='lat' dir='ltr'><strong>omisso</strong></span> <span class='ocrx_word' id='word_1_363' title='bbox 2031 4304 2093 4382; x_wconf 70' lang='lat' dir='ltr'><strong>fiat</strong></span> 
     </span>
     <span class='ocr_line' id='line_1_30' title="bbox 521 4413 1555 4490; baseline 0 -16"><span class='ocrx_word' id='word_1_364' title='bbox 521 4415 621 4476; x_wconf 79' lang='lat' dir='ltr'><strong>uerbo.</strong></span> <span class='ocrx_word' id='word_1_365' title='bbox 666 4414 752 4474; x_wconf 82' lang='lat' dir='ltr'><strong>Haec</strong></span> <span class='ocrx_word' id='word_1_366' title='bbox 774 4417 872 4474; x_wconf 85' lang='lat' dir='ltr'><strong>omnia</strong></span> <span class='ocrx_word' id='word_1_367' title='bbox 891 4433 962 4474; x_wconf 90' lang='lat' dir='ltr'><strong>num</strong></span> <span class='ocrx_word' id='word_1_368' title='bbox 985 4413 1177 4490; x_wconf 85' lang='lat' dir='ltr'><strong>glossatorem</strong></span> <span class='ocrx_word' id='word_1_369' title='bbox 1200 4413 1375 4474; x_wconf 87' lang='lat' dir='ltr'><strong>monachum</strong></span> <span class='ocrx_word' id='word_1_370' title='bbox 1397 4413 1555 4490; x_wconf 63' lang='lat' dir='ltr'><strong>sapienti,</strong></span> 
     </span>
    </p>

    <p class='ocr_par' dir='ltr' id='par_1_5' title="bbox 520 4525 2092 5166">
     <span class='ocr_line' id='line_1_31' title="bbox 673 4525 2090 4605; baseline -0.004 -19"><span class='ocrx_word' id='word_1_371' title='bbox 673 4525 842 4605; x_wconf 71' lang='lat' dir='ltr'><strong>adiungam</strong></span> <span class='ocrx_word' id='word_1_372' title='bbox 872 4525 940 4587; x_wconf 91' lang='lat' dir='ltr'><strong>hnic</strong></span> <span class='ocrx_word' id='word_1_373' title='bbox 965 4525 1031 4587; x_wconf 91' lang='lat' dir='ltr'><strong>loco</strong></span> <span class='ocrx_word' id='word_1_374' title='bbox 1060 4527 1182 4586; x_wconf 84' lang='lat' dir='ltr'><strong>alterum</strong></span> <span class='ocrx_word' id='word_1_375' title='bbox 1212 4543 1250 4584; x_wconf 86' lang='lat' dir='ltr'><strong>ex</strong></span> <span class='ocrx_word' id='word_1_376' title='bbox 1280 4525 1383 4585; x_wconf 86' lang='lat' dir='ltr'><strong>eodem</strong></span> <span class='ocrx_word' id='word_1_377' title='bbox 1413 4543 1534 4602; x_wconf 88' lang='lat' dir='ltr'><strong>genere,</strong></span> <span class='ocrx_word' id='word_1_378' title='bbox 1563 4529 1593 4584; x_wconf 89' lang='lat' dir='ltr'><strong>iu</strong></span> <span class='ocrx_word' id='word_1_379' title='bbox 1617 4543 1675 4601; x_wconf 89' lang='lat' dir='ltr'><strong>quo</strong></span> <span class='ocrx_word' id='word_1_380' title='bbox 1698 4525 1864 4584; x_wconf 85' lang='lat' dir='ltr'><strong>damnando</strong></span> <span class='ocrx_word' id='word_1_381' title='bbox 1885 4525 2010 4584; x_wconf 84' lang='lat' dir='ltr'><strong>Wexius</strong></span> <span class='ocrx_word' id='word_1_382' title='bbox 2033 4539 2090 4583; x_wconf 91' lang='lat' dir='ltr'><strong>non</strong></span> 
     </span>
     <span class='ocr_line' id='line_1_32' title="bbox 520 4637 2090 4716; baseline -0.001 -20"><span class='ocrx_word' id='word_1_383' title='bbox 520 4637 618 4696; x_wconf 87' lang='lat' dir='ltr'><strong>minus</strong></span> <span class='ocrx_word' id='word_1_384' title='bbox 637 4639 746 4699; x_wconf 89' lang='lat' dir='ltr'><strong>iudicio</strong></span> <span class='ocrx_word' id='word_1_385' title='bbox 769 4639 870 4716; x_wconf 89' lang='lat' dir='ltr'><strong>lapsus</strong></span> <span class='ocrx_word' id='word_1_386' title='bbox 893 4646 946 4697; x_wconf 79' lang='lat' dir='ltr'><strong>est.</strong></span> <span class='ocrx_word' id='word_1_387' title='bbox 990 4639 1065 4699; x_wconf 84' lang='lat' dir='ltr'><strong>Nam</strong></span> <span class='ocrx_word' id='word_1_388' title='bbox 1087 4655 1178 4715; x_wconf 86' lang='lat' dir='ltr'><strong>quum</strong></span> <span class='ocrx_word' id='word_1_389' title='bbox 1198 4655 1222 4698; x_wconf 91' lang='lat' dir='ltr'><strong>o.</strong></span> <span class='ocrx_word' id='word_1_390' title='bbox 1247 4639 1276 4698; x_wconf 81' lang='lat'><strong>9.</strong></span> <span class='ocrx_word' id='word_1_391' title='bbox 1298 4637 1429 4716; x_wconf 87' lang='lat' dir='ltr'><strong>legantur</strong></span> <span class='ocrx_word' id='word_1_392' title='bbox 1450 4639 1540 4699; x_wconf 80' lang='lat' dir='ltr'><strong>haec:</strong></span> <span class='ocrx_word' id='word_1_393' title='bbox 1588 4637 1705 4714; x_wconf 83' lang='lat' dir='ltr'><strong>,Minue</strong></span> <span class='ocrx_word' id='word_1_394' title='bbox 1725 4641 1878 4712; x_wconf 74' lang='lat' dir='ltr'><strong>triennium</strong></span> <span class='ocrx_word' id='word_1_395' title='bbox 1900 4641 1930 4696; x_wconf 90' lang='lat' dir='ltr'><strong>in</strong></span> <span class='ocrx_word' id='word_1_396' title='bbox 1952 4655 1988 4698; x_wconf 91' lang='lat' dir='ltr'><strong>ea</strong></span> <span class='ocrx_word' id='word_1_397' title='bbox 2009 4637 2090 4714; x_wconf 85' lang='lat' dir='ltr'><strong>lega-</strong></span> 
     </span>
     <span class='ocr_line' id='line_1_33' title="bbox 521 4749 2091 4828; baseline -0.003 -18"><span class='ocrx_word' id='word_1_398' title='bbox 521 4753 600 4810; x_wconf 84' lang='lat' dir='ltr'><strong>tione</strong></span> <span class='ocrx_word' id='word_1_399' title='bbox 623 4750 757 4812; x_wconf 89' lang='lat' dir='ltr'><strong>detentus</strong></span> <span class='ocrx_word' id='word_1_400' title='bbox 779 4769 816 4811; x_wconf 87' lang='lat' dir='ltr'><strong>ac</strong></span> <span class='ocrx_word' id='word_1_401' title='bbox 837 4753 935 4810; x_wconf 83' lang='lat' dir='ltr'><strong>statIm</strong></span> <span class='ocrx_word' id='word_1_402' title='bbox 957 4749 995 4810; x_wconf 88' lang='lat' dir='ltr'><strong>ad</strong></span> <span class='ocrx_word' id='word_1_403' title='bbox 1018 4767 1101 4828; x_wconf 89' lang='lat' dir='ltr'><strong>spem</strong></span> <span class='ocrx_word' id='word_1_404' title='bbox 1122 4749 1293 4811; x_wconf 89' lang='lat' dir='ltr'><strong>consulatus</strong></span> <span class='ocrx_word' id='word_1_405' title='bbox 1310 4759 1466 4812; x_wconf 82' lang='lat' dir='ltr'><strong>revocatus</strong></span> <span class='ocrx_word' id='word_1_406' title='bbox 1489 4755 1550 4828; x_wconf 88' lang='lat' dir='ltr'><strong>est,</strong></span> <span class='ocrx_word' id='word_1_407' title='bbox 1574 4751 1729 4810; x_wconf 84' lang='lat' dir='ltr'><strong>comitante</strong></span> <span class='ocrx_word' id='word_1_408' title='bbox 1751 4752 1888 4826; x_wconf 88' lang='lat' dir='ltr'><strong>opinions</strong></span> <span class='ocrx_word' id='word_1_409' title='bbox 1910 4749 2091 4808; x_wconf 85' lang='lat' dir='ltr'><strong>Britanniam</strong></span> 
     </span>
     <span class='ocr_line' id='line_1_34' title="bbox 523 4859 2091 4942; baseline -0.004 -20"><span class='ocrx_word' id='word_1_410' title='bbox 523 4863 550 4922; x_wconf 89' lang='lat' dir='ltr'><strong>ei</strong></span> <span class='ocrx_word' id='word_1_411' title='bbox 571 4867 753 4939; x_wconf 79' lang='lat' dir='ltr'><strong>provinciam</strong></span> <span class='ocrx_word' id='word_1_412' title='bbox 777 4863 854 4942; x_wconf 82' lang='lat' dir='ltr'><strong>dari,</strong></span> <span class='ocrx_word' id='word_1_413' title='bbox 877 4861 964 4921; x_wconf 88' lang='lat' dir='ltr'><strong>nullis</strong></span> <span class='ocrx_word' id='word_1_414' title='bbox 988 4865 1018 4922; x_wconf 93' lang='lat' dir='ltr'><strong>in</strong></span> <span class='ocrx_word' id='word_1_415' title='bbox 1041 4862 1100 4924; x_wconf 88' lang='lat' dir='ltr'><strong>hoc</strong></span> <span class='ocrx_word' id='word_1_416' title='bbox 1121 4867 1182 4922; x_wconf 88' lang='lat' dir='ltr'><strong>suis</strong></span> <span class='ocrx_word' id='word_1_417' title='bbox 1205 4864 1405 4942; x_wconf 84' lang='lat' dir='ltr'><strong>sermonibus,</strong></span> <span class='ocrx_word' id='word_1_418' title='bbox 1435 4863 1488 4924; x_wconf 88' lang='lat' dir='ltr'><strong>sed</strong></span> <span class='ocrx_word' id='word_1_419' title='bbox 1509 4865 1580 4939; x_wconf 87' lang='lat' dir='ltr'><strong>quia</strong></span> <span class='ocrx_word' id='word_1_420' title='bbox 1601 4879 1654 4938; x_wconf 84' lang='lat' dir='ltr'><strong>par</strong></span> <span class='ocrx_word' id='word_1_421' title='bbox 1676 4860 1839 4922; x_wconf 85' lang='lat' dir='ltr'><strong>vtdebatur.</strong></span> <span class='ocrx_word' id='word_1_422' title='bbox 1883 4859 1971 4919; x_wconf 77' lang='lat' dir='ltr'><strong>Haud</strong></span> <span class='ocrx_word' id='word_1_423' title='bbox 1992 4875 2091 4936; x_wconf 74' lang='lat' dir='ltr'><strong>semper</strong></span> 
     </span>
     <span class='ocr_line' id='line_1_35' title="bbox 522 4971 2090 5054; baseline -0.002 -22"><span class='ocrx_word' id='word_1_424' title='bbox 522 4979 596 5032; x_wconf 80' lang='lat' dir='ltr'><strong>errat</strong></span> <span class='ocrx_word' id='word_1_425' title='bbox 610 4975 709 5054; x_wconf 75' lang='lat' dir='ltr'><strong>fonro3</strong></span> <span class='ocrx_word' id='word_1_426' title='bbox 729 4975 879 5053; x_wconf 67' lang='lat' dir='ltr'><strong>deprendo</strong></span> <span class='ocrx_word' id='word_1_427' title='bbox 901 4980 926 5031; x_wconf 83' lang='lat' dir='ltr'><strong>at</strong></span> <span class='ocrx_word' id='word_1_428' title='bbox 948 4974 1069 5050; x_wconf 77' lang='lat' dir='ltr'><strong>clegit‚“</strong></span> <span class='ocrx_word' id='word_1_429' title='bbox 1091 4984 1240 5051; x_wconf 88' lang='lat' dir='ltr'><strong>postrema</strong></span> <span class='ocrx_word' id='word_1_430' title='bbox 1262 4977 1354 5037; x_wconf 87' lang='lat' dir='ltr'><strong>verba</strong></span> <span class='ocrx_word' id='word_1_431' title='bbox 1375 4973 1511 5052; x_wconf 84' lang='lat' dir='ltr'><strong>Prolegg.</strong></span> <span class='ocrx_word' id='word_1_432' title='bbox 1534 4993 1564 5052; x_wconf 94' lang='lat' dir='ltr'><strong>p.</strong></span> <span class='ocrx_word' id='word_1_433' title='bbox 1590 4973 1662 5034; x_wconf 73' lang='lat'><strong>120.</strong></span> <span class='ocrx_word' id='word_1_434' title='bbox 1689 4981 1848 5052; x_wconf 88' lang='lat' dir='ltr'><strong>praeeunte</strong></span> <span class='ocrx_word' id='word_1_435' title='bbox 1876 4971 2090 5046; x_wconf 78' lang='lat' dir='ltr'><strong>Peerlkampio,</strong></span> 
     </span>
     <span class='ocr_line' id='line_1_36' title="bbox 522 5081 2092 5166; baseline -0.003 -20"><span class='ocrx_word' id='word_1_436' title='bbox 522 5087 573 5164; x_wconf 82' lang='lat' dir='ltr'><strong>qni</strong></span> <span class='ocrx_word' id='word_1_437' title='bbox 594 5085 645 5148; x_wconf 88' lang='lat' dir='ltr'><strong>hic</strong></span> <span class='ocrx_word' id='word_1_438' title='bbox 666 5088 812 5148; x_wconf 75' lang='lat' dir='ltr'><strong>conanum</strong></span> <span class='ocrx_word' id='word_1_439' title='bbox 833 5086 990 5149; x_wconf 82' lang='lat' dir='ltr'><strong>iambicum</strong></span> <span class='ocrx_word' id='word_1_440' title='bbox 1013 5085 1244 5164; x_wconf 80' lang='lat' dir='ltr'><strong>deprehendisse</strong></span> <span class='ocrx_word' id='word_1_441' title='bbox 1267 5087 1324 5150; x_wconf 83' lang='lat' dir='ltr'><strong>slbi</strong></span> <span class='ocrx_word' id='word_1_442' title='bbox 1342 5090 1426 5149; x_wconf 70' lang='lat' dir='ltr'><strong>daus</strong></span> <span class='ocrx_word' id='word_1_443' title='bbox 1444 5093 1499 5166; x_wconf 88' lang='lat' dir='ltr'><strong>est,</strong></span> <span class='ocrx_word' id='word_1_444' title='bbox 1522 5104 1539 5147; x_wconf 89' lang='lat' dir='ltr'><strong>o</strong></span> <span class='ocrx_word' id='word_1_445' title='bbox 1560 5095 1649 5164; x_wconf 86' lang='lat' dir='ltr'><strong>poeta</strong></span> <span class='ocrx_word' id='word_1_446' title='bbox 1662 5087 1763 5164; x_wconf 84' lang='lat' dir='ltr'><strong>aliquo</strong></span> <span class='ocrx_word' id='word_1_447' title='bbox 1784 5102 1804 5145; x_wconf 80' lang='lat' dir='ltr'><strong>a</strong></span> <span class='ocrx_word' id='word_1_448' title='bbox 1823 5084 1986 5161; x_wconf 84' lang='lat' dir='ltr'><strong>glossatore</strong></span> <span class='ocrx_word' id='word_1_449' title='bbox 1998 5081 2092 5160; x_wconf 73' lang='lat' dir='ltr'><strong>portu</strong></span> 
     </span>
    </p>
   </div>
   <div class='ocr_carea' id='block_1_5' title="bbox 0 0 2392 6208">
    <p class='ocr_par' dir='ltr' id='par_1_6' title="bbox 0 0 2392 6208">
     <span class='ocr_line' id='line_1_37' title="bbox 0 0 2392 6208; baseline 0 0"><span class='ocrx_word' id='word_1_450' title='bbox 0 0 2392 6208; x_wconf 95' lang='lat' dir='ltr'><strong> </strong></span> 
     </span>
    </p>
   </div>
  </div>
 </body>
</html>
