4754 6208
1072 1013 1121 1088 13

991 1122 1194 1136 -1-

307 1234 349 1306 nt,
370 1230 397 1288 si
418 1227 567 1304 abessent,
590 1246 677 1290 nemo
699 1227 884 1290 desideraret.
928 1229 1016 1305 Quod
1036 1241 1070 1292 ut
1092 1232 1178 1292 iecile
1199 1231 1385 1308 conceditur,
1409 1234 1449 1292 ite
1475 1233 1539 1306 ipse
1558 1233 1723 1310 profitetur,
1756 1250 1791 1294 eo
1813 1234 1878 1295 solo

307 1357 342 1402 se
363 1355 423 1400 non
445 1343 628 1417 permoveri,
657 1350 691 1403 ut
711 1341 805 1402 verbe
826 1344 926 1416 spuria
947 1341 1104 1420 iudicaret,
1135 1347 1193 1404 uisi
1216 1341 1276 1402 alie
1298 1361 1402 1406 caussa
1425 1344 1591 1421 accederet,
1623 1361 1699 1421 qnae
1729 1345 1879 1422 glossema

306 1460 453 1529 argueret
495 1453 570 1514 Eam
592 1456 691 1512 messe
714 1457 744 1514 in
765 1459 836 1512 storo
860 1453 961 1525 verbo,
985 1453 1064 1530 quod
1087 1458 1128 1514 ita
1150 1453 1209 1514 dici
1229 1471 1288 1514 non
1308 1459 1411 1532 possit,
1432 1457 1486 1516 nisi
1510 1456 1642 1517 ablativo
1664 1456 1764 1518 addito
1786 1461 1878 1534 signi·

305 1561 410 1624 ficetur
438 1561 487 1638 id,
518 1581 577 1642 qno
605 1579 701 1624 rerum
731 1581 832 1626 orrrsne
858 1565 1049 1643 impedietur,
1080 1566 1164 1628 velut
1191 1567 1225 1626 in
1245 1565 1341 1628 Taciti
1363 1567 1439 1627 Hist.
1460 1565 1516 1638 1V,
1549 1569 1600 1628 er.
1653 1569 1877 1645 „Sequanorum

301 1693 434 1754 promea
456 1679 514 1734 ιιοιι
536 1675 607 1738 belli
631 1679 760 1754 impetus
782 1676 883 1738 stetit.“
935 1677 1003 1737 Non
1023 1680 1097 1738 sebe
1121 1680 1331 1754 circumspecte
1353 1678 1407 1750 hoo
1428 1684 1651 1754 pronunciatum
1674 1698 1758 1758 esse,
1790 1683 1878 1744 tseilo

308 1791 353 1846 eet
374 1786 412 1846 ed
436 1785 701 1850 demonstrandum.
748 1787 830 1847 Stare
860 1790 939 1849 enim
966 1805 1025 1849 nou
1053 1789 1149 1849 solum
1177 1789 1325 1866 signifieat
1352 1793 1378 1848 irs
1398 1792 1513 1848 statione
1535 1811 1606 1862 esre,
1637 1791 1691 1852 sed
1722 1795 1810 1854 etiam
1838 1793 1878 1854 ud

307 1901 447 1956 rtotr'ouerr
466 1903 624 1976 peomne,
645 1904 665 1963 i.
689 1919 717 1966 e„
737 1875 1056 1976 mirutore'splene'ns
1079 1902 1270 1962 vernaculum
1291 1901 1395 1972 stelen,
1417 1919 1445 1960 r.
1469 1917 1494 1962 c.
1513 1900 1570 1962 das
1590 1901 1698 1964 treber
1721 1904 1802 1966 steht
1826 1924 1875 1960 =

308 2012 349 2070 ist
368 2026 437 2070 num
451 2008 560 2072 Stebsn
582 2013 765 2088 getremmon.
810 2011 897 2088 Quod
918 2030 1008 2088 quum
1030 2015 1071 2072 ita
1092 2015 1154 2090 tint,
1177 2021 1211 2074 ιιι
1231 2031 1290 2085 ιιι,
1313 2029 1385 2090 quse
1406 2019 1493 2074 anim
1514 2017 1543 2073 in
1564 2022 1647 2075 motu
1668 2024 1699 2077 et
1717 2033 1876 2092 progressu

308 2121 372 2198 tuit,
391 2124 503 2182 moveri
525 2131 555 2184 et
574 2123 710 2200 progredi
731 2122 854 2199 desinat,
876 2128 949 2182 storo
970 2135 1033 2186 tum
1049 2126 1129 2191 nodo
1151 2125 1208 2186 dici
1230 2133 1334 2202 potest,
1357 2133 1417 2188 tum
1439 2129 1491 2202 ite,
1509 2131 1541 2184 nt
1562 2125 1725 2188 adverbiali
1747 2127 1877 2189 dictione

306 2232 488 2308 sigrriiicetur
508 2235 558 2296 vei
579 2255 635 2313 que
655 2255 695 2308 re,
717 2237 767 2296 rel
786 2255 838 2314 guo
859 2235 927 2308 loco,
951 2236 999 2298 vei
1021 2257 1072 2316 guo
1093 2237 1171 2296 nodo
1191 2236 1305 2314 aliquid
1323 2239 1452 2298 steterit..
1476 2233 1542 2298 Nou
1565 2246 1611 2298 est
1625 2241 1722 2316 igitur,
1745 2256 1797 2300 cnr
1818 2257 1877 2300 non

306 2351 386 2414 reete
408 2344 465 2408 dici
487 2348 581 2422 possit
601 2347 698 2408 seditio
718 2352 776 2408 rino
796 2351 930 2424 sunguine
951 2352 1045 2420 stetit,
1072 2350 1092 2410 i.
1116 2366 1142 2411 e.
1163 2349 1269 2410 seditio
1288 2346 1418 2408 substitit
1441 2351 1497 2420 ito,
1519 2353 1550 2406 ut
1571 2354 1687 2426 sumis
1707 2369 1760 2410 noo
1774 2351 1877 2430 finde

305 2462 390 2530 retur,
412 2457 464 2518 vel
485 2459 605 2523 brevius
627 2461 715 2522 enen
736 2478 789 2518 ιιοιι
802 2460 869 2538 ‚noo
887 2464 1029 2536 ιιιςιιιιιι.
1071 2460 1307 2546 innocencium,
1331 2477 1423 2536 quum
1436 2457 1493 2520 boc
1515 2473 1741 2526 commemorare
1762 2466 1791 2524 et
1811 2461 1876 2540 pis·

307 2573 382 2644 cuit,
404 2585 467 2632 rem
481 2573 727 2642 ,commemorarit
746 2587 806 2632 non
827 2573 941 2652 udone·
953 2577 1150 2634 necessnriem
1172 2571 1296 2649 quiden,
1317 2569 1431 2632 sadud
1452 2581 1622 2634 ncouratem
1643 2591 1739 2636 rorum
1757 2574 1877 2636 Briton-

305 2681 440 2742 nicsrnm
460 2685 594 2744 notitiem
616 2699 676 2748 non
696 2682 847 2760 inutilemr
870 2681 976 2746 seditio
1000 2687 1078 2746 enim
1100 2701 1194 2761 seque
1215 2683 1304 2747 nstro
1327 2685 1471 2760 sanguino
1493 2699 1529 2746 sc
1550 2688 1615 2746 sins
1637 2689 1781 2762 moguine
1798 2691 1878 2747 stsre

302 2797 411 2870 ,potuit
1456 2843 1459 2852 .

458 2905 490 2968 0.
515 2907 566 2968 ii.
613 2905 754 2982 „Nullum
782 2905 821 2968 eb
851 2904 991 2983 Agricola
1019 2909 1149 2984 positum
1178 2904 1328 2968 cutellum
1362 2910 1414 2966 eut
1448 2907 1478 2966 vi
1505 2905 1636 2968 bostium
1666 2914 1875 2988 expugnatum,

307 3023 360 3078 snt
380 3020 518 3094 pscuooe
538 3033 575 3080 sc
595 3017 667 3095 tuga
687 3017 851 3094 desertum
879 3018 987 3078 orstrrro
1007 3021 1174 3096 erupttoosr3
1200 3033 1267 3081 som
1288 3013 1448 3078 adversum
1469 3035 1567 3080 moros
1588 3018 1748 3080 obsidionis
1770 3023 1875 3082 sunnis

214 3121 218 3128 ’
307 3129 402 3204 copiis
422 3127 641 3192 firmabuntur.“
688 3129 816 3208 Questus
838 3129 963 3192 Wexins
988 3135 1019 3192 in
1048 3131 1182 3208 Prolegg.
1209 3147 1239 3204 p.
1267 3128 1341 3190 ten
1369 3127 1407 3188 de
1436 3145 1522 3192 nexu
1543 3133 1752 3192 secundumn
1776 3131 1875 3192 verius

307 3239 415 3300 crotous
435 3244 586 3319 ouptiosrs
607 3244 713 3306 misem
736 3241 908 3304 conturbato
931 3261 967 3303 uc
987 3259 1106 3320 prorsus
1128 3241 1289 3315 subverso,
1316 3247 1349 3300 ut
1376 3255 1438 3302 rem
1466 3239 1771 3320 monoceroton,
1800 3259 1875 3304 con-

291 3351 384 3429 fingit
410 3350 449 3411 ed
478 3351 633 3417 orufieinro
657 3371 744 3417 snum
768 3354 806 3417 de
830 3354 938 3432 glossis
956 3354 1054 3416 ebeno
1074 3354 1141 3416 loco
1159 3356 1189 3412 in
1210 3356 1323 3414 textum
1341 3351 1449 3430 idetis,
1481 3351 1519 3412 de
1542 3369 1602 3430 quo
1624 3334 1715 3432 supra
1738 3353 1873 3416 diximus.

306 3463 401 3541 Igitur
421 3465 515 3542 primo
536 3463 611 3526 baec
630 3465 722 3526 verbe
743 3469 863 3544 appicts
883 3466 1034 3530 contendit
1050 3470 1082 3527 in
1103 3468 1230 3540 margine
1253 3477 1280 3522 c.
1303 3464 1354 3524 to.
1368 3461 1416 3530 ad
1436 3463 1491 3526 ills
1532 3463 1632 3540 „Nihil
1655 3469 1772 3526 interim
1794 3466 1874 3546 opud
1971 3517 1975 3524 .

305 3573 409 3638 bosius
431 3581 563 3653 quietum
584 3581 663 3656 pati,
686 3581 843 3654 quominus
865 3580 972 3642 enbitis
993 3579 1144 3640 ιπιιιιιίιιι
1165 3572 1385 3652 ριιριιΙιιιιιιιι“,
1406 3593 1444 3636 oc
1464 3574 1570 3636 deinde
1591 3593 1686 3638 erroro
1707 3578 1816 3640 librarii
1836 3576 1876 3640 ad

305 3686 384 3748 bunc
405 3687 504 3750 locum
529 3696 623 3752 uecta
644 3707 680 3752 ec
702 3693 795 3752 textui
815 3695 933 3754 ineerta.
978 3691 1042 3752 Non
1066 3704 1221 3767 cneorum,
1246 3703 1318 3746 num
1345 3686 1443 3748 saisiri
1471 3688 1626 3747 noreio·
1654 3699 1716 3750 tem
1745 3689 1875 3768 difficile,

306 3799 457 3862 insolitum
480 3807 569 3877 atque
589 3800 734 3862 absonum
758 3805 812 3879 sit,
844 3811 878 3864 ut
906 3805 1024 3866 librario
1053 3803 1139 3865 etiem
1163 3799 1267 3876 glossa
1297 3798 1502 3876 explicandum
1525 3799 1685 3877 rideretur3
1715 3800 1874 3882 coucedsm

306 3910 373 3989 boc,
396 3911 475 3989 quod
497 3912 620 3974 concedi
641 3929 701 3972 uon
724 3921 837 3992 potest3
859 3915 913 3976 sed
935 3915 992 3976 boe
1010 3930 1155 3991 quaeram,
1175 3929 1246 3972 num
1262 3912 1354 3972 verbe
1375 3911 1481 3970 orebroe
1501 3915 1650 3990 eruptiones
1669 3915 1875 3988 semiermium

308 4030 397 4100 sique
418 4025 594 4086 senteutiam
615 4024 755 4103 bebemt,
777 4035 811 4088 ut
831 4043 852 4086 s
872 4043 1020 4106 quoquam
1035 4043 1087 4104 pro
1108 4025 1289 4102 glossemate
1305 4022 1461 4084 verborum
1481 4022 1580 4082 noun
1599 4025 1752 4084 accurarier
1773 4023 1875 4087 haberi

306 4137 429 4214 possint.
473 4135 610 4206 Probeto
631 4135 688 4198 boo
708 4138 929 4200 incredibilibus
949 4137 1204 4200 annumerandum.
1255 4129 1341 4196 Haec
1362 4137 1451 4212 igitru
1472 4151 1579 4196 moses
1600 4143 1634 4196 ιιι
1656 4135 1800 4214 concidit,
1832 4140 1876 4198 its

305 4248 360 4310 ills
380 4263 499 4325 quoque
521 4247 558 4308 de
579 4249 686 4314 mismo
710 4250 883 4312 conimbato
904 4268 940 4311 ec
961 4265 1078 4326 prorsus
1102 4248 1248 4310 subverso
1280 4265 1362 4312 nexu
1388 4263 1468 4308 rnna
1498 4252 1648 4324 reperitur.
1692 4248 1768 4308 Esrn
1797 4252 1875 4309 enisu

307 4363 475 4438 opinionem
495 4361 621 4436 primum
651 4367 755 4438 genuit
780 4379 921 4440 perverse
947 4363 1138 4438 interpunctio
1168 4364 1199 4421 in
1220 4359 1356 4423 omnibns
1378 4359 1571 4436 aditionibus,
1600 4363 1690 4420 etiam
1716 4358 1874 4438 Wexiene,

307 4472 407 4536 obvie.
453 4471 550 4550 Quum
572 4475 649 4534 enirn
670 4472 747 4536 bueo
763 4473 954 4551 prsecsdent:
999 4469 1212 4552 „Adnotsbsnt
1231 4473 1328 4550 periti,
1350 4485 1409 4532 non
1432 4469 1524 4532 elium
1547 4469 1652 4533 ducens
1672 4473 1875 4548 opportunita-

306 4590 352 4648 ies
373 4585 504 4648 locorum
526 4585 689 4662 uptenum
709 4585 850 4666 legium,
873 4585 1009 4648 semicolo
1029 4591 1099 4662 post
1119 4583 1215 4661 legisse
1235 4586 1343 4661 posito,
1364 4587 1519 4660 sequentia
1535 4587 1645 4662 pariter
1667 4581 1786 4660 oblique
1807 4601 1875 4646 ors·

307 4699 388 4758 tione
407 4703 552 4773 concepus
571 4695 710 4758 ridentur
731 4715 767 4760 ex
789 4699 956 4760 odedoioat
974 4697 1139 4776 pendente,
1170 4713 1235 4758 curn
1264 4714 1326 4774 qna
1353 4703 1497 4758 cunctere
1517 4694 1611 4758 rerba
1630 4695 1737 4756 crebrae
1758 4701 1875 4776 eruptio·

307 4828 354 4868 ιιιι
372 4827 444 4872 rene
467 4809 617 4872 constituri
638 4819 797 4887 nequsum.
841 4811 884 4872 Αι
908 4811 995 4889 plene
1023 4807 1289 4887 interpungendum
1311 4815 1357 4870 est
1376 4816 1446 4886 post
1471 4809 1576 4886 legr'sm
1621 4806 1686 4868 Iam
1707 4816 1787 4870 recta
1808 4825 1875 4868 ora-

309 4923 394 4984 tione
414 4921 618 4999 ingrediuntur
634 4927 805 5000 ιιιιιιιιιιι,
833 4939 909 5000 quae
936 4921 1051 4984 orobos
1072 4922 1233 4984 mnneiuds
1255 4923 1379 4984 mscisis
1399 4937 1461 4984 non
1482 4921 1519 4982 ds
1540 4919 1784 5000 opportunitatibus
1804 4920 1876 4980 oro-

307 5052 367 5095 rrrsr
387 5035 522 5113 smirnos
542 5034 627 5108 tono,
649 5034 703 5099 sed
724 5033 761 5100 te
776 5021 939 5116 facitodor
957 5033 1155 5112 praesttimus
1177 5042 1278 5113 egunt
1322 5032 1379 5096 Pro
1411 5051 1490 5108 more
1522 5049 1575 5096 suo
1597 5031 1719 5096 Tucttns
1748 5047 1785 5094 es
1808 5031 1873 5094 sins
