4754 6208
1048 1023 1070 1100 i

957 1129 1160 1144 *—

269 1246 501 1313 ιιοιιιπιιιιοιιιὶ,
524 1239 603 1315 cuod
635 1243 734 1302 etetim
761 1241 884 1302 inditur
903 1245 1008 1318 pctree
1028 1247 1194 1313 acconem
1217 1239 1421 1299 condicionem
1440 1239 1576 1296 ιιιιιιιιιι
1598 1235 1741 1314 dignm
1763 1239 1847 1314 adep

268 1364 298 1416 ta
320 1371 470 1432 egreceucr
492 1369 567 1413 ceco.
611 1351 658 1413 Do
679 1352 857 1429 glocecrnete
879 1353 970 1428 igitur
991 1353 1114 1428 cogitari
1143 1366 1202 1409 non
1223 1355 1330 1426 potcet.
1375 1347 1433 1424 Qui
1461 1355 1560 1408 ιιιῐιιιιι
1589 1347 1685 1408 Taciti
1707 1347 1851 1426 loquendi

268 1483 379 1530 rnorem
393 1475 455 1528 tom
476 1481 579 1540 perum
601 1472 765 1542 noverunt,
789 1475 822 1525 ut
842 1464 984 1539 vntgeue
1005 1463 1167 1538 eorlpturce
1191 1459 1279 1522 docta
1300 1459 1497 1536 diepucrticne
1519 1457 1557 1520 de
1576 1459 1716 1518 nolr'iitcte
1738 1479 1850 1538 epuc-

153 1627 158 1635 .
266 1583 335 1638 etri
353 1588 495 1654 tanqum
517 1574 659 1652 peculiari
689 1575 852 1636 nobilitatis
874 1591 983 1651 genero
1003 1571 1232 1634 cuecunecdrrm
1253 1579 1407 1648 putarent,
1438 1569 1528 1630 iidem
1549 1571 1691 1646 ioneeco,
1712 1573 1739 1630 ei
1763 1569 1845 1646 lepe-

265 1693 324 1750 rint
343 1690 422 1766 opud
444 1689 517 1747 Plln.
541 1687 581 1748 Η.
594 1687 631 1747 N.
653 1685 803 1764 XXVIII,
828 1687 858 1764 6,
884 1685 934 1746 18.
981 1684 1231 1744 Οὸιιιιιιιιιιιι
1258 1683 1439 1742 nobilitor
1461 1677 1505 1762 [ic
1528 1700 1554 1742 o.
1582 1691 1644 1742 crte
1666 1683 1848 1758 euentuque

267 1803 426 1861 eminentes
457 1793 654 1878 obutetricoc)
686 1817 738 1855 non
768 1797 824 1856 oiic
851 1817 931 1856 ιιιιιιι
961 1797 1097 1874 efficacior
1125 1799 1220 1854 rurori
1244 1795 1432 1872 pronunciavit
1458 1811 1596 1872 corporum
1620 1795 1760 1870 portitor,
1788 1809 1848 1854 non

266 1912 471 1988 temperabunt
492 1910 567 1987 cibi,
592 1911 662 1985 quin
684 1911 774 1968 etium
796 1907 833 1969 do
853 1909 995 1968 nobrir‘tcte
1017 1908 1240 1966 obstetricia
1262 1921 1403 1983 perquam
1424 1903 1510 1966 docte
1533 1903 1696 1982 dieputent.

419 2021 452 2081 G.
474 2019 504 2081 5.
542 2020 630 2098 „Noc
652 2019 792 2098 Agricola
812 2020 934 2080 licenter
954 2037 1035 2080 moro
1063 2023 1219 2095 iuvenum,
1254 2019 1305 2094 qui
1325 2016 1458 2076 militium
1483 2017 1514 2076 in
1538 2015 1693 2077 leccirium
1716 2022 1847 2092 vortunt,

264 2151 347 2209 neque
366 2135 484 2207 upton
505 2131 543 2194 ed
565 2131 734 2209 voluptetcc
757 2141 788 2194 et
813 2140 994 2194 cccccccccc
1023 2130 1139 2190 titulum
1162 2130 1326 2190 tribunatus
1347 2137 1378 2189 et
1398 2131 1545 2190 incciu'nur
1564 2127 1684 2189 rcttulit
1697 2125 1713 2158 ‘⁴
1749 2127 1848 2188 Verbo

264 2263 347 2321 neque
367 2246 485 2319 ugrum
513 2243 639 2304 Wexiue
668 2242 805 2320 Prolcgg.
835 2261 865 2320 p.
893 2245 955 2304 133
977 2261 1042 2319 cqq.
1066 2241 1216 2303 contendit
1234 2261 1254 2300 ιι
1273 2241 1438 2317 gloeuctcre
1459 2238 1499 2300 od
1520 2255 1545 2300 c.
1563 2241 1593 2300 6.
1616 2239 1769 2298 tribunatuo
1791 2259 1849 2298 cu-

264 2371 342 2412 ιιιιιιι
370 2357 498 2430 quiete
525 2360 558 2412 et
584 2357 658 2414 ctio
684 2357 795 2412 irmeirt
828 2359 963 2432 oppleta,
1001 2362 1031 2414 ct
1059 2371 1095 2415 co
1122 2371 1232 2428 errore,
1269 2353 1306 2412 de
1341 2369 1400 2430 quo
1426 2369 1516 2429 cupre
1549 2355 1682 2429 egimus,
1712 2369 1737 2412 c.
1768 2354 1797 2412 b.
1820 2355 1849 2410 in

264 2469 378 2526 textum
406 2465 490 2526 illuto
519 2483 601 2541 οιιιιι,
633 2465 775 2543 „quibce'
799 2465 907 2526 udditie
937 2465 1062 2526 rotundo
1098 2473 1128 2525 ot
1155 2468 1310 2541 perepicuo
1338 2467 1431 2524 cretio
1459 2463 1665 2542 conturbetur,
1703 2466 1849 2524 cornuria

262 2581 363 2638 enon
385 2577 542 2638 vorborum
571 2593 670 2653 nequo
690 2583 833 2653 nugentur
860 2595 956 2654 nequo
979 2576 1142 2638 vedetur.“
1189 2575 1271 2652 Quee
1302 2591 1425 2636 accone
1453 2574 1571 2636 dlliicile
1601 2575 1680 2637 dictu
1710 2585 1756 2637 oet
1777 2572 1845 2652 quii

262 2687 384 2748 ruleent
404 2689 443 2750 ed
466 2687 557 2750 verbe
579 2687 684 2748 Tacito
708 2687 921 2767 cbiudiceude,
952 2693 1002 2766 qui
1024 2705 1121 2765 nequo
1141 2687 1283 2748 rotundae
1304 2689 1429 2748 crationi
1450 2687 1584 2766 cicdeut,
1606 2706 1704 2766 neque
1727 2699 1842 2750 centen-

262 2800 430 2862 tiuverbirr
451 2783 561 2876 engere
581 2817 617 2860 ec
638 2803 753 2860 verim
774 2800 880 2875 colent,
900 2808 933 2860 ut
954 2801 1088 2862 Ciceroni
1108 2817 1172 2860 moe
1193 2805 1247 2860 est
1280 2799 1346 2860 Nou
1369 2801 1513 2860 maiorem·
1530 2797 1621 2860 hebet
1644 2805 1703 2861 vim
1725 2801 1761 2862 cd
1781 2796 1843 2858 I'c·

264 2911 314 2973 titi
341 2911 434 2972 verbo
454 2911 614 2989 cildcnde,
645 2911 726 2988 quod
748 2929 779 2988 p.
810 2911 881 2974 137.
909 2911 979 2972 dicit
1000 2929 1060 2973 noc
1081 2913 1224 2989 perspici,
1247 2929 1299 2972 our
1319 2915 1357 2988 ii,
1388 2915 1440 2987 qui
1462 2911 1630 2988 voluptctce
1647 2917 1844 2988 'secundun

262 3021 293 3082 ln
315 3020 374 3084 duo
396 3027 483 3099 queri
505 3039 614 3100 penora
642 3022 793 3100 digerendi
815 3031 934 3099 oncri,
964 3041 1087 3100 quorum
1109 3023 1191 3084 alteri
1213 3023 1334 3083 licenter
1356 3029 1385 3082 et
1405 3021 1517 3084 loccivo
1538 3022 1568 3084 id
1590 3023 1731 3100 iccercut,
1759 3021 1843 3083 nitori

261 3135 401 3208 ιιςιιίιιι.
444 3131 502 3194 Hic
530 3149 619 3210 quem
646 3151 751 3210 parunt
782 3133 963 3194 convelletur
991 3134 1124 3196 codicum
1151 3138 1332 3210 auctoritas,
1370 3143 1450 3194 recto
1480 3135 1635 3196 verborum
1669 3138 1841 3210 interprete·

261 3244 343 3306 tiolo
372 3251 480 3320 rpontc
510 3244 639 3322 pctobit;
669 3261 747 3321 qnae
780 3253 812 3304 ut
841 3245 993 3306 commodo
1024 3251 1151 3318 ιιιιιιιιιι,
1184 3245 1223 3304 cb
1256 3248 1393 3306 eruente
1426 3247 1540 3323 periodi
1572 3248 1668 3309 verbio
1698 3247 1844 3324 incipien-

262 3351 331 3414 durc
353 3359 408 3416 cet

414 3463 506 3540 igitur
527 3463 635 3526 idcicro
655 3465 808 3526 tribunatu·
834 3467 911 3528 dixit
938 3467 1065 3543 Troius,
1106 3483 1167 3526 nou
1195 3467 1381 3545 iniunctum,
1414 3471 1502 3548 quie,
1532 3485 1619 3546 quum
1648 3466 1757 3526 tribuni
1778 3469 1837 3526 uri-

261 3574 365 3652 uun,
401 3575 441 3638 cb
481 3575 539 3638 lico
569 3591 689 3636 inuncto
722 3575 856 3638 militium
888 3584 1088 3656 cumoculos,
1124 3583 1265 3656 exiguum
1297 3581 1328 3638 in
1363 3595 1395 3639 ro
1426 3580 1543 3641 militari
1574 3595 1660 3640 uuum
1699 3577 1841 3640 heberent

260 3682 314 3767 (ui.
337 3687 423 3750 ceo.
451 3687 489 3750 B.
511 3687 549 3748 G.
571 3685 597 3765 I,
621 3687 674 3764 bil,
698 3682 765 3766 λ),
796 3689 960 3752 tribunatuo
981 3691 1151 3768 plerumque
1172 3692 1267 3751 iutuic
1289 3690 1382 3752 honor
1404 3701 1481 3769 erut,
1514 3689 1759 3769 deterrentibus,
1789 3695 1840 3768 qul

261 3815 328 3860 ectu
349 3797 451 3876 adepti
476 3805 574 3873 eruut,
605 3803 700 3875 mugio
730 3799 816 3862 titulo
843 3805 862 3860 i.
892 3819 917 3864 e.
946 3805 1062 3862 nomine
1094 3801 1214 3861 honorio
1243 3805 1288 3862 cui
1322 3821 1411 3880 quum
1440 3808 1480 3864 roi
1508 3799 1642 3860 nrssituric
1671 3805 1777 3878 peritia
1809 3807 1841 3863 in

261 3914 391 3976 unctu
413 3911 590 3986 coneplcuie.
624 3909 767 3970 Additum
789 3917 814 3969 ct
843 3915 979 3972 imeiticor
1006 3929 1183 3990 quemquam
1207 3913 1371 3990 cigniucore
1400 3921 1495 3992 potcet
1517 3930 1576 3968 ιιιιιι
1598 3915 1706 3971 burdio
1728 3917 1840 3971 ωιιὴιι-

259 4027 349 4094 ctu,
385 4021 465 4098 quod
494 4039 514 4081 c
541 4023 573 4080 vi
601 4021 733 4082 attributi
763 4027 815 4082 rix
831 4004 953 4103 differt,
990 4033 1086 4084 tumen
1124 4026 1284 4101 simplicius
1320 4035 1385 4104 oct,
1423 4030 1447 4086 ci
1476 4022 1625 4100 intelligor
1654 4029 1679 4081 et
1706 4027 1841 4084 incutiebat

259 4149 376 4205 ιιιιιι,
431 4151 500 4194 nem
521 4141 552 4194 et
573 4135 704 4194 vouiute
727 4141 757 4194 ot
786 4137 902 4196 inscitie
923 4135 1044 4196 iuvenco
1067 4137 1128 4196 lero
1157 4136 1196 4196 cd
1221 4135 1388 4213 voluptates
1415 4145 1444 4195 et
1474 4133 1615 4194 decidium
1643 4137 1840 4213 impelluntur.

257 4241 376 4306 morti
396 4253 496 4306 cutem
517 4261 608 4321 quum
629 4245 776 4321 significet
794 4253 912 4323 opertm
934 4245 981 4306 rol
1003 4246 1091 4305 ιιιΙιιι
1111 4250 1239 4324 poenit,
1261 4253 1396 4310 univcrcc
1417 4250 1562 4306 eontentio
1583 4246 1659 4308 bueo
1681 4256 1739 4308 oct:
1765 4253 1841 4324 „tri-

260 4355 387 4418 nocetur
416 4361 535 4418 induem
556 4356 698 4418 bonorem
720 4365 750 4418 et
771 4359 918 4418 inscitiam
939 4373 1022 4416 ruem
1045 4373 1105 4418 uon
1127 4358 1230 4420 hebuit
1251 4376 1304 4436 pru
1331 4360 1535 4436 incitcmcntc,
1564 4365 1597 4418 ut
1625 4362 1674 4420 vol
1702 4359 1839 4435 voluptu-

259 4471 305 4531 lot
326 4466 375 4528 vei
397 4473 579 4528 coruurcctuc
601 4467 789 4544 oppeteret.“
840 4468 905 4529 Inur
933 4473 983 4544 qui
1004 4469 1166 4531 tribunatuo
1196 4470 1336 4532 beneficio
1364 4475 1394 4528 in
1423 4470 1455 4529 id
1484 4471 1574 4532 modo
1604 4474 1705 4530 intenti
1730 4477 1837 4544 creent,

260 4587 293 4638 ut
314 4577 496 4656 uoluptatibus
518 4579 696 4654 frumentur,
727 4577 836 4638 licenter
863 4577 1005 4656 egebunt,
1036 4585 1087 4656 qui
1109 4588 1265 4641 cometus
1282 4584 1338 4642 eibi
1359 4592 1576 4657 comparerent,
1606 4600 1664 4658 quo
1693 4583 1838 4642 clubori·

261 4687 318 4748 bue
339 4689 479 4750 obducent
500 4697 530 4750 et
551 4688 641 4750 libero
663 4689 899 4768 circumagendi
919 4695 1035 4767 copicru
1057 4694 1207 4770 heberent,
1229 4697 1350 4770 segniter.
1394 4693 1537 4754 Neutrum
1559 4695 1683 4754 cedebrc
1700 4702 1728 4753 lu
1752 4699 1839 4772 rigri-

261 4797 367 4860 coltrn.
411 4799 447 4860 Ιιι
470 4807 554 4860 tunic
575 4806 739 4862 cecunuee
762 4804 977 4880 perepicuitute‚
999 4806 1031 4864 in
1056 4821 1114 4880 quc
1137 4809 1235 4866 omnic
1255 4807 1293 4866 ad
1314 4808 1423 4865 luctum
1444 4823 1565 4865 ecncuur
1586 4809 1769 4884 conspirent,
1799 4823 1838 4867 uo

259 4911 409 4970 nuum
440 4911 560 4986 quidem
589 4911 776 4990 gloceeruutie
803 4915 999 4988 eucpiciouem
1027 4917 1144 4990 reperiri
1175 4918 1204 4976 in
1232 4915 1332 4976 oculor
1361 4920 1488 4978 incurrit.
1545 4916 1639 4975 bluitc
1666 4923 1760 4994 magle
1783 4935 1837 4977 eu-

259 5026 320 5082 tem
341 5029 423 5097 potet
451 5039 560 5084 ventur
583 5041 649 5086 ecce
680 5023 717 5084 de
751 5028 862 5101 origine
892 5029 1029 5102 opinetur
1050 5026 1167 5101 gloecco
1195 5031 1397 5104 cuepicicnem.
1442 5029 1606 5103 liemcule
1629 5027 1727 5090 cedat
1750 5029 1838 5090 verbe
