4754 6208
1043 1059 1092 1137 1⁹

279 1291 397 1360 emeat,
419 1298 456 1342 an
477 1285 653 1342 ιοιιιιιιιιίιιιι
675 1289 738 1341 tam
758 1281 873 1352 tritam,
897 1271 1099 1356 quotidianam
1122 1285 1153 1338 et
1173 1279 1302 1338 ieiunam
1325 1277 1451 1354 babere,
1480 1283 1514 1336 ιιι
1532 1275 1637 1338 Taeito
1666 1293 1787 1355 prorsus
1808 1282 1855 1340 in·

280 1394 369 1472 «ligna
390 1394 459 1453 sint
502 1393 629 1453 Duobus
649 1397 741 1469 igitur
760 1395 940 1468 argumentis
963 1409 1052 1468 quum
1067 1391 1295 1452 demonstratum
1316 1392 1404 1450 iverit
1424 1389 1521 1449 laeum
1543 1405 1608 1450 asse
1630 1393 1771 1470 spurium,
1794 1395 1855 1454 iam

280 1505 317 1567 ds
340 1491 467 1582 duoque
489 1505 653 1566 videamus.
699 1505 813 1565 Versus
834 1507 866 1564 in
886 1503 1015 1581 pedestri
1044 1505 1174 1564 orations
1194 1502 1337 1565 .vitandos
1359 1504 1512 1562 censuisse
1534 1509 1649 1562 veteres
1672 1512 1702 1564 et
1721 1504 1853 1566 studiose
1976 1574 1979 1583 Ι

277 1619 390 1678 vitasse
411 1619 595 1678 nodssimnm
620 1624 680 1696 est3
703 1616 891 1678 nibilominus
912 1617 943 1674 in
965 1618 1084 1690 optimis
1098 1614 1287 1690 scriptoribus
1310 1621 1373 1674 tum
1394 1613 1541 1674 veteribus
1560 1620 1622 1674 tum
1644 1617 1855 1678 recentioribus

278 1727 430 1788 interdum-
446 1729 496 1812 rel
518 1729 659 1790 dimidiati
682 1728 731 1790 vel
753 1732 857 1806 integri
880 1730 1075 1788 inveniuntur.
1128 1725 1211 1803 Quos
1242 1735 1276 1788 ut
1305 1725 1357 1796 elii
1385 1729 1457 1786 natm
1479 1743 1616 1802 perverse
1648 1725 1735 1787 oldus
1758 1728 1855 1805 quod·

279 1840 348 1900 dam
369 1846 399 1899 et
421 1841 599 1902 reconditior
622 1840 745 1918 prodere
768 1839 968 1917 erediderunt,
998 1846 1138 1915 tunquam
1167 1841 1353 1898 ooneitatiore
1371 1841 1470 1900 auium
1493 1839 1601 1900 eliseos
1626 1839 1678 1914 (ei.
1700 1839 1792 1900 Wolf.
1813 1839 1854 1900 ad
1878 1851 1882 1862 ’

279 1951 351 2012 Tae.
374 1951 452 2012 Anu.
475 1953 501 2030 1,
527 1951 586 2031 l.),
616 1958 657 2013 its
679 1953 729 2012 alii
751 1951 985 2028 interpolationis
1012 1950 1150 2010 indicium
1171 1949 1353 2027 babuerunt,
1382 1955 1478 2010 neutri
1499 1967 1644 2012 memores
1666 1957 1695 2010 et
1717 1953 1853 2013 iomnitos
1910 1982 1915 1992 ·

279 2081 345 2124 essa
368 2063 441 2124 talea
462 2083 607 2142 numeros,
629 2065 920 2142 imprudentibusque
941 2063 1129 2140 scriptoribus
1152 2065 1268 2138 elapsos
1291 2065 1343 2138 (ei.
1363 2063 1424 2125 (lie.
1448 2065 1485 2124 de
1507 2061 1591 2123 Orat.
1613 2062 1669 2140 III,
1692 2068 1754 2141 li,
1780 2065 1853 2126 182.

278 2177 363 2236 inubi
384 2183 409 2234 sl
428 2176 550 2235 trochaei
569 2183 705 2235 nutura
727 2179 920 2235 incurrunt
942 2179 1019 2254 ipsi
1039 2179 1069 2233 ιἰι
1091 2178 1235 2233 orationem
1253 2193 1443 2253 sermunenpne
1464 2173 1606 2252 mmm),
1629 2187 1667 2256 et,
1691 2181 1717 2236 si
1732 2176 1852 2253 quande

278 2305 380 2347 nraus
403 2291 445 2348 ite
468 2291 603 2363 existant,
627 2289 800 2366 plerumque
821 2289 915 2348 malos
938 2305 1003 2348 esse
1026 2295 1055 2348 et
1076 2289 1272 2364 imperfectos.
1323 2287 1370 2348 Ita
1389 2287 1419 2346 b.
1441 2289 1461 2348 l.
1483 2291 1586 2348 insiste
1608 2297 1678 2366 post
1692 2291 1776 2370 saraa
1795 2299 1854 2349 ro⁴

278 2415 341 2460 eem
365 2399 510 2476 asyndeto
532 2409 593 2460 tam
610 2406 713 2476 varis
736 2401 785 2480 iit,
814 2409 846 2460 ut
867 2417 972 2460 versus
1000 2401 1115 2476 speeies
1137 2415 1258 2475 prorsus
1276 2399 1411 2474 tollatur;
1441 2406 1593 2474 praeterea
1622 2408 1769 2462 exuemus
1798 2417 1854 2478 pas

277 2510 416 2570 tuonbaeo
438 2518 570 2588 constat3
599 2529 687 2588 quem
714 2519 747 2572 ut
775 2513 942 2573 amoliretur
964 2512 1204 2586 Peerlkampins,
1235 2511 1315 2586 elegit
1344 2525 1485 2588 praesens
1513 2529 1577 2572 esso
1606 2512 1684 2574 dioit.
1730 2513 1853 2575 Falsum

278 2623 352 2700 boe3
381 2641 478 2699 neque
500 2631 598 2684 umen
621 2643 741 2702 rerum,
769 2625 849 2701 quod
868 2623 1022 2685 Walebius
1050 2623 1087 2683 ad
1115 2641 1139 2682 o.
1164 2627 1189 2681 l.
1211 2639 1241 2698 p.
1266 2624 1338 2682 105.
1368 2627 1553 2702 pronuntiat,
1583 2624 1664 2708 elegit
1694 2628 1724 2684 vi
1751 2627 1852 2686 sensti

278 2735 443 2811 significare
471 2721 570 2810 eligere
593 2737 675 2808 solet,
704 2740 751 2796 eni
779 2742 942 2798 sententiae
972 2753 1032 2795 non
1060 2736 1155 2794 solum
1184 2734 1331 2811 alr'quuado
1352 2743 1513 2813 repugnat,
1542 2735 1596 2796 sed
1624 2739 1690 2813 ipse
1711 2742 1853 2816 temporis

281 2851 365 2907 ratio.
408 2849 464 2906 Est
486 2851 564 2906 enim
586 2849 749 2923 perfeetum
772 2852 956 2928 praesentis,
980 2865 1038 2925 quo
1061 2851 1102 2906 rei
1124 2849 1281 2923 praeterito
1302 2852 1434 2922 tempora
1455 2849 1551 2908 laetae
1573 2853 1683 2908 veritas
1704 2849 1744 2908 ed
1764 2866 1852 2926 praa-

278 2975 347 3020 sena
369 2961 521 3036 scriptoris
541 2959 680 3020 indicium
704 2969 858 3022 revocetur
880 2971 910 3022 et
930 2964 1085 3032 asseritur,
1106 2967 1140 3018 ιιι
1157 2957 1337 3019 ostendimus
1352 2957 1392 3018 ad
1413 2957 1485 3020 Sati.
1509 2961 1577 3021 Cat.
1602 2963 1653 3039 11,
1678 2963 1705 3021 3.
1727 2961 1773 3022 ed.
1794 2961 1851 3040 11.;

280 3087 358 3146 qnae
380 3075 426 3130 vis
446 3073 567 3147 perlecti
590 3075 699 3132 nostris
721 3071 888 3134 hominibus
917 3089 976 3132 uon
1003 3070 1086 3131 aliter
1113 3071 1239 3147 intelligi
1268 3077 1380 3146 potest,
1415 3087 1504 3146 quem
1523 3072 1624 3132 addito
1648 3079 1796 3134 munitatu
1818 3079 1851 3131 at

279 3181 393 3252 amisi,
416 3181 463 3241 rel
485 3182 518 3239 de
540 3203 591 3260 pso
613 3183 738 3242 dubitari
757 3203 810 3242 aon
826 3188 924 3263 potent,
945 3181 993 3241 vel
1007 3181 1103 3242 simili.
1136 3181 1185 3241 Ad
1200 3184 1376 3242 sententiam
1392 3181 1471 3258 quod
1487 3187 1600 3258 attinet,
1624 3201 1711 3260 quam
1725 3183 1851 3246 Wexins

224 3326 230 3334 ·
279 3295 384 3370 tritam,
403 3293 587 3369 tralaticium,
607 3297 741 3355 inutilem
756 3295 833 3370 dieit,
850 3295 1069 3356 eoncedendum
1085 3301 1204 3354 estnon
1219 3311 1284 3354 essa
1297 3299 1511 3370 neeessariam
1533 3303 1565 3355 at
1580 3295 1683 3357 Tanito
1700 3297 1848 3374 indignam

279 3419 344 3464 esse
365 3411 395 3462 et
415 3405 518 3478 talem,
551 3423 626 3480 quae
650 3423 704 3483 per
725 3425 775 3480 se,
800 3407 889 3467 nullis
922 3410 1047 3466 externis
1070 3405 1106 3466 do
1128 3407 1348 3482 interpolatione
1371 3407 1505 3484 indieiis,
1534 3409 1676 3468 eiieienda
1705 3409 1847 3488 rideatur,

280 3513 402 3576 eoneedi
419 3534 477 3575 non
498 3525 605 3591 potest
651 3517 747 3594 Quam
770 3519 861 3580 multa
883 3525 960 3578 enim
981 3523 1068 3578 etiam
1089 3517 1168 3594 apud
1190 3521 1317 3594 optimos
1335 3512 1491 3595 scriptores
1513 3521 1667 3599 leguntur,
1691 3537 1767 3597 qnae
1789 3537 1850 3580 non

280 3645 446 3689 neeesssna
468 3637 552 3705 sunt,
578 3647 675 3705 neque
697 3631 735 3690 ad
757 3649 835 3708 rem,
860 3647 919 3707 qua
941 3631 979 3690 de
1000 3633 1114 3706 agitur,
1135 3629 1336 3690 illustrandam
1357 3631 1488 3690 iaciunt?
1533 3631 1600 3709 An,
1630 3649 1722 3708 quum
1743 3635 1773 3692 in
1793 3632 1851 3693 boe

280 3741 346 3816 ipse
369 3743 466 3816 nepita
489 3739 623 3814 legatur:
649 3759 723 3815 „nen
745 3742 804 3820 illi,
827 3743 898 3820 quud
919 3749 958 3800 est
980 3745 1159 3813 rauranum,
1189 3751 1241 3801 ant
1261 3743 1389 3802 facilitas
1409 3749 1614 3804 anctoritatem
1634 3754 1686 3804 aut
1706 3749 1848 3804 severitas

280 3869 409 3914 amorem
432 3852 608 3928 deminuit,“
633 3851 757 3913 Wexius
777 3855 869 3914 verba
888 3855 960 3932 qaod
981 3855 1222 3924 altamripam,
1250 3859 1321 3930 qnia
1349 3860 1635 3934 nequeneeessaria
1657 3867 1686 3916 et
1707 3856 1852 3916 tralaticia
1981 3895 1984 3902 ·
2046 3825 2049 3832 ¹

280 3972 545 4040 aunt,·propterea
572 3982 626 4040 pro
653 3967 833 4042 glossemate
858 3965 999 4026 babebit?
1048 3965 1132 4025 Idem
1156 3966 1235 4026 valet
1261 3965 1298 4026 de
1325 3967 1533 4029 observatione
1559 3972 1717 4029 narrationi
1738 3973 1848 4028 inserte

282 4091 306 4136 e.
330 4077 380 4134 ti.
428 4075 636 4154 „Iniquissima
658 4077 733 4138 base
755 4079 900 4138 bellorum
922 4075 1055 4138 condicio
1077 4087 1138 4155 est3
1168 4095 1309 4154 prospera
1330 4093 1432 4141 omnes
1451 4082 1509 4141 sibi
1531 4079 1694 4156 vindicant,
1724 4080 1851 4140 adversa

280 4189 332 4246 ani
351 4189 560 4264 imputantur.“
606 4189 691 4249 Haeo
718 4193 807 4266 igitur
835 4199 864 4252 et
892 4191 951 4250 ulie
979 4189 1067 4250 bniu's
1094 4170 1212 4266 genam
1238 4189 1366 4267 plurima
1393 4211 1430 4253 ex
1451 4193 1552 4254 Wexii
1570 4199 1682 4254 rabone
1704 4190 1848 4254 elicienda

280 4300 383 4362 lerant
428 4297 489 4358 Sed
511 4300 568 4360 boe
590 4311 667 4362 num¹
683 4309 729 4362 est
751 4305 878 4365 eridoam
897 4301 996 4362 sobrie
1017 4310 1163 4379 cauteque
1185 4305 1344 4365 meone?

432 4411 495 4470 Iam
517 4415 721 4508 revertendum
742 4415 828 4476 nobis
850 4422 895 4476 est
916 4413 955 4474 ad
977 4416 1067 4474 alium
1090 4431 1114 4474 e.
1138 4417 1189 4476 37.
1212 4417 1320 4494 locum,
1342 4431 1401 4477 non
1417 4419 1514 4478 minus
1533 4432 1727 4496 praepropere
1751 4422 1780 4475 et
1802 4417 1849 4500 inf

281 4521 403 4582 lalieltm
430 4539 449 4582 a
475 4523 580 4585 Waxio
611 4533 762 4588 tentatum.
807 4529 854 4587 De
883 4532 1034 4603 prostratis
1062 4537 1092 4588 et
1119 4527 1247 4588 distentis
1268 4528 1472 4589 Britannorum
1500 4534 1592 4607 copiis
1614 4547 1705 4606 mens
1727 4526 1848 4587 Tacitus

281 4633 356 4697 base
378 4635 481 4694 babetr
533 4639 708 4716 „cetsrnm‚
735 4641 785 4702 ubi
812 4643 990 4716 compositos
1017 4641 1107 4700 firmis
1131 4640 1280 4702 ordinibus
1309 4645 1394 4718 sequi
1424 4659 1522 4703 rursus
1549 4641 1663 4717 videre,
1691 4645 1721 4700 in
1747 4640 1849 4716 iugem

281 4751 375 4823 rusi,
402 4763 463 4808 non
492 4751 673 4830 agminibus,
697 4761 731 4812 ut
758 4756 854 4830 prinis,
880 4767 936 4812 nae
966 4753 1043 4813 nlius
1069 4754 1159 4813 alium
1184 4761 1399 4833 respectantes,
1433 4759 1495 4814 ran·
1522 4760 1548 4812 st
1571 4753 1712 4812 vitabundi
1739 4755 1850 4811 nasa

281 4855 443 4936 longinqua
464 4867 552 4936 atque
573 4869 643 4923 aria
662 4863 801 4940 petiere.“
847 4864 882 4924 In
902 4864 951 4926 bis
980 4882 1051 4927 aene
1077 4871 1177 4943 negari
1198 4884 1258 4928 nou
1279 4873 1378 4944 potest
1398 4869 1491 4929 rerba
1511 4868 1574 4924 rari
1594 4863 1784 4924 et'uitaiuadi
1803 4866 1848 4922 is·

281 4972 375 5042 ιιιιιιι,
398 4979 430 5031 ut
449 4989 529 5033 nune
552 4973 671 5049 quidem
693 4985 772 5038 tetus
793 4977 877 5037 loeus
898 4977 1075 5055 intelligitur,
1097 4979 1254 5040 admodum
1277 4997 1343 5040 esse
1365 4988 1516 5058 suspects,
1540 4983 1649 5057 qnippe
1667 4993 1742 5055 quae
1759 4991 1850 5036 sansn

281 5089 344 5143 tam
362 5099 468 5160 parum
486 5084 620 5148 differant
643 5107 662 5148 s
683 5087 944 5168 praecedentibus,
972 5098 1006 5150 ιιι
1034 5091 1112 5152 idam
1138 5095 1278 5153 continuo
1300 5093 1346 5154 bis
1368 5093 1488 5154 dicatur.
1534 5091 1631 5170 Quam
1653 5091 1691 5152 ob
1714 5103 1849 5150 messam
