4754 6208
1296 991 1321 1068 6

518 1212 618 1288 tiquor
639 1208 727 1270 libros
744 1212 931 1284 invaserant,
953 1223 1074 1270 ιιιιιιιι
1097 1211 1185 1270 adam
1206 1207 1283 1270 banc
1297 1225 1364 1270 esse
1386 1225 1490 1286 pare,
1513 1225 1692 1286 quamquam
1714 1207 1907 1279 rarissimamt
1930 1213 1992 1266 tran
2007 1221 2095 1282 saepo

519 1329 620 1383 autern
642 1319 699 1381 boc
720 1319 808 1380 modo
831 1336 971 1396 peccasse
993 1319 1143 1380 librarium
1164 1323 1194 1380 in
1216 1327 1277 1380 tarn
1299 1325 1403 1398 exiguo
1426 1318 1543 1396 Ababa,
1573 1327 1606 1380 ut
1634 1321 1661 1378 al
1691 1321 1775 1394 quasi
1804 1321 1834 1378 in
1856 1314 2096 1378 comaetudinam

520 1433 614 1493 abiret
637 1436 892 1508 interpretamenta
909 1433 1036 1508 margini.
1061 1435 1189 1508 asmipta
1208 1449 1267 1492 non
1281 1431 1377 1492 solum
1399 1433 1505 1492 iniarrc
1518 1435 1548 1490 in
1570 1439 1698 1505 tanturn,
1722 1427 1775 1489 ssd
1796 1427 1873 1488 ialeo
1896 1428 1960 1486 loco
1983 1428 2096 1500 iuiarra,

521 1559 639 1620 prorsus
663 1542 832 1628 incredibile
863 1551 916 1604 set
967 1538 1065 1617 Quum
1095 1544 1184 1620 igitur
1211 1541 1250 1602 ad
1271 1560 1333 1602 rem
1361 1545 1583 1604 incertissimam
1613 1541 1792 1619 probandam
1820 1539 1980 1600 adunemur
2009 1539 2096 1616 longe

522 1657 672 1728 incertior,
707 1661 827 1730 totaque
864 1657 1075 1732 argumentatio
1106 1659 1191 1730 quasi
1221 1654 1330 1724 circulo
1360 1659 1589 1730 cimumagatur,
1624 1650 1786 1728 siquidem,
1824 1667 1882 1728 quo
1912 1651 2096 1710 demonstra·

522 1775 570 1826 tur
600 1766 780 1843 glossemata
812 1769 842 1823 in
871 1772 952 1824 textu
978 1781 1061 1840 osas,
1098 1769 1215 1840 ponitur
1245 1767 1424 1842 glossemata
1452 1769 1511 1824 iarn
1539 1769 1569 1824 in
1599 1768 1728 1838 margine
1758 1765 1864 1836 luisse,
1903 1761 1981 1838 quod
2014 1760 2095 1820 nullo

520 1886 608 1956 pacto
629 1876 746 1952 probari
773 1882 887 1951 potest,
912 1881 1068 1959 inuentum
1089 1876 1146 1937 boc
1178 1877 1368 1937 laudamento
1397 1895 1517 1953 prorsus
1547 1884 1626 1936 caret
1646 1883 1800 1950 totumque
1830 1879 1915 1947 quasi
1937 1865 2096 1952 μετέωρον

520 1987 639 2064 pendet.
1154 2005 1180 2012 ··
1681 2045 1682 2050 ,
1852 2041 1855 2047 Α

673 2097 728 2156 Ηιι
756 2101 786 2155 in
808 2073 975 2156 universum
997 2107 1105 2160 conus·
1119 2099 1218 2160 Waxii
1241 2102 1383 2160 rationem
1406 2100 1579 2174 disputatis,
1614 2106 1772 2172 antequam
1801 2097 1839 2154 ad
1860 2096 1992 2171 singulos
2014 2095 2096 2154 locos

522 2189 734 2270 examinandos
763 2208 919 2284 acaedam,
946 2211 1119 2270 monendum
1142 2210 1212 2269 milri
1235 2221 1295 2284 est,
1327 2228 1424 2286 neque
1446 2210 1551 2285 legisse
1573 2227 1619 2270 rue
1645 2209 1736 2268 ullam
1759 2214 1822 2266 eius
1844 2209 1908 2266 libri
1932 2223 2096 2278 censuram,

520 2339 616 2398 neque
647 2323 794 2396 cognitum
824 2319 932 2380 babere
955 2338 1025 2380 num
1046 2339 1121 2397 quae
1142 2331 1274 2396 exstent3
1303 2326 1386 2381 cuius
1409 2324 1449 2380 rei
1471 2338 1528 2381 non
1551 2323 1660 2380 inmria
1683 2335 1786 2378 cauom
1809 2327 1854 2377 est
1874 2327 1925 2376 aut
1947 2317 2098 2392 negligen-

523 2436 581 2509 tis,
612 2431 664 2491 sed
687 2433 766 2506 qnod
799 2438 827 2490 in
846 2431 907 2508 ,lrao
928 2431 999 2492 urbe
1021 2438 1105 2509 copia
1135 2451 1193 2493 non
1217 2443 1261 2492 eet
1290 2433 1506 2508 ephemeridem
1528 2433 1695 2506 doctarum,
1726 2431 1833 2506 quibua
1857 2429 1892 2490 de
1913 2429 2096 2504 antiquitatis

525 2543 630 2602 litteris
651 2546 757 2620 agitur.
801 2542 960 2617 Propterea
982 2552 1081 2604 autern
1103 2543 1159 2604 boo
1180 2543 1463 2604 commemorandum
1484 2543 1569 2619 duxi,
1592 2560 1641 2618 ne,
1662 2545 1688 2601 ai
1709 2541 1783 2602 torte
1804 2539 1842 2600 ab
1863 2541 1929 2600 aliis
1949 2543 2008 2598 iam
2029 2545 2097 2598 ante

525 2667 570 2712 me
592 2654 694 2713 eadem
717 2654 765 2713 vel
789 2655 892 2713 similis
917 2655 953 2714 de
976 2655 1122 2716 Wexiana
1152 2655 1308 2731 Agricolae
1339 2655 1464 2716 editione
1493 2655 1637 2715 sententia
1662 2653 1722 2712 lata
1744 2654 1844 2727 luerit,
1877 2651 1956 2729 quod
1978 2667 2096 2727 prorsus

521 2764 642 2840 ignoro,
671 2767 708 2826 ab
731 2766 789 2826 illis
818 2768 981 2842 sumpsisse
1003 2765 1168 2843 insimulor,
1198 2767 1276 2844 quod
1298 2772 1378 2843 ipse,
1408 2783 1443 2826 ax
1465 2766 1532 2844 eliis
1553 2763 1786 2840 non-pendens,
1813 2762 1900 2825 rebus
1922 2779 1983 2824 uon
2004 2764 2097 2826 obiter

525 2874 578 2934 sed
600 2891 663 2934 cnm
685 2894 754 2936 cura
775 2883 928 2954 pensitatis
951 2877 1138 2938 statuendum
1160 2883 1270 2953 putavi.

675 2987 710 3045 In
732 2991 797 3064 ipso
810 3009 813 3016 ·
827 2993 1001 3051 narrationis
1035 2989 1072 3048 de
1102 2993 1166 3049 vita
1191 2990 1344 3066 Agricolae
1371 2991 1453 3047 initio
1481 3005 1507 3050 c.
1538 2990 1567 3046 4.
1598 2987 1673 3046 baec
1703 2963 1855 3064 leguntur:
1893 2986 1974 3061 ,Cu
2002 2986 2096 3046 Iulius

528 3084 680 3174 Agricola,
712 3108 809 3160 vetere
839 3109 868 3160 ct
900 3101 1004 3160 illustri
1035 3099 1277 3159 Foroiuliensium
1309 3099 1426 3159 colonia
1455 3105 1554 3175 ortus,
1588 3103 1742 3174 utrumque
1771 3115 1860 3156 avum
1882 3103 2098 3174 procuratorem

527 3207 687 3266 (laesarum
713 3207 828 3288 habuit,
851 3229 919 3287 quoe
941 3216 1067 3288 equestris
1089 3211 1215 3268 nobrittor
1236 3211 1309 3271 ert.“
1355 3210 1390 3268 In
1415 3216 1552 3286 quattuor
1579 3213 1734 3286 postremis
1768 3208 1865 3268 verbis
1894 3225 1987 3284 quum
2009 3211 2097 3270 inter

529 3323 625 3390 pretee
647 3318 736 3376 multa
763 3319 798 3378 de
827 3326 943 3398 equestri
969 3323 1110 3378 nobilitate
1138 3317 1347 3394 disputassent,
1382 3337 1471 3395 quae,
1502 3323 1572 3394 quis
1600 3337 1661 3378 rem
1690 3322 1785 3394 magis
1813 3317 1984 3378 obscurasse
2008 3335 2097 3394 quam

424 3506 433 3524 Ι
514 3427 716 3502 expedivisse
746 3430 887 3508 ridentur,
911 3450 1007 3507 neque
1030 3432 1162 3491 retollere
1184 3447 1278 3506 nequo
1300 3430 1402 3492 afferro
1424 3433 1568 3508 volumus,
1591 3429 1717 3490 Wexius
1738 3429 1872 3506 Prolegg.
1894 3447 1922 3503 p
1948 3432 2097 3504 lli-sqq.

528 3554 563 3598 eo
586 3556 757 3616 progressus
777 3551 835 3615 ert,
865 3552 897 3603 ut
919 3544 1070 3618 glossema
1099 3560 1164 3603 esse
1194 3547 1406 3618 pronuntiaret,
1438 3547 1508 3618 quia
1533 3542 1683 3600 nobilitatis
1707 3557 1763 3600 vox
1784 3559 1844 3600 non
1868 3541 1998 3601 diversas
2028 3559 2097 3616 spe·

527 3652 589 3709 cies
611 3651 742 3710 eiusdem
761 3658 872 3726 generis
894 3657 1103 3732 complectatur
1125 3665 1158 3714 ut
1180 3653 1264 3721 orde,
1288 3654 1428 3730 dignitas,
1449 3673 1549 3728 geum,
1581 3655 1672 3724 leem,
1703 3669 1819 3728 neque,
1844 3651 2095 3728 quemadmodum

528 3761 640 3820 dicatur
661 3763 725 3818 ordo
746 3767 909 3836 senatoriae,
930 3768 995 3824 ordo
1017 3771 1160 3844 equestris,
1181 3770 1270 3826 etiem
1294 3765 1402 3824 dicium
1424 3768 1461 3824 stt
1482 3765 1609 3822 nobilitas
1631 3768 1785 3834 senatores,
1814 3765 1939 3822 nobilitor
1959 3767 2095 3842 equestris,

529 3881 668 3948 tanquam
694 3878 764 3932 varii
791 3875 897 3950 gradm
923 3879 1082 3937 nobilitatis
1111 3877 1364 3952 distinguerentur.
1418 3877 1566 3937 lotrusum
1594 3893 1660 3936 esse
1690 3875 1748 3934 boc
1769 3875 1999 3934 additamentum
2034 3875 2096 3950 ,ab

530 3983 646 4042 bomine
678 3989 749 4043 satis
772 3987 876 4061 doctu,
904 3991 952 4060 qui
975 3993 1077 4066 sciret,
1100 3997 1317 4065 procuratores,
1349 3993 1398 4064 qui
1420 4003 1479 4048 uon
1503 3991 1616 4063 equites
1637 3994 1754 4072 essent,
1783 3995 1947 4060 equestrem
1971 3988 2097 4062 dignita-

502 4137 503 4140 *
530 4103 589 4156 tem
610 4095 666 4154 eibi
689 4103 718 4154 et
740 4113 810 4154 suae
834 4101 913 4172 genti
933 4101 1138 4174 procurasse.“
1163 4133 1203 4144 -
1250 4101 1295 4159 Ex
1318 4099 1380 4174 bie,
1404 4117 1480 4176 quae
1503 4107 1677 4173 vorarunt,
1708 4099 1745 4157 ad
1774 4115 1834 4162 rem
1856 4116 1916 4157 non
1939 4101 2096 4174 pertineam

532 4217 627 4268 cetera
648 4206 723 4266 lalsa
744 4215 812 4264 snut
840 4213 947 4270 omnia.
990 4209 1147 4271 Nolilttuts'r
1169 4215 1246 4270 eninr
1273 4209 1446 4270 vocabrdum
1472 4211 1520 4270 bic
1548 4227 1606 4270 non
1634 4213 1754 4284 antiquo
1776 4209 1826 4268 illo
1850 4218 1895 4284 et,
1922 4219 1955 4268 ut
1983 4215 2025 4268 ita
2053 4208 2097 4268 di·

534 4335 613 4395 cam,
644 4317 763 4392 politico
786 4335 874 4378 sensu
895 4323 1020 4395 positum
1041 4331 1103 4400 est3
1129 4321 1182 4384 aad
1204 4329 1236 4380 ut
1256 4322 1354 4380 nobilis
1373 4323 1547 4384 adiectivnm
1570 4339 1627 4380 non
1651 4322 1747 4382 solum
1769 4331 1877 4382 certam
1900 4320 2098 4380 condicionem

532 4430 666 4506 civilem,
696 4427 747 4488 sed
782 4432 870 4488 stiam
898 4435 1103 4506 praestantiam
1132 4437 1163 4494 in
1190 4435 1358 4492 universum
1380 4433 1525 4512 designat,
1560 4440 1601 4494 ita
1622 4433 1699 4494 idem
1730 4433 1766 4492 de
1795 4433 1980 4494 substantivo
2009 4433 2097 4492 valet

532 4537 652 4599 Tacitus
674 4541 777 4616 igitur,
800 4557 889 4616 quum
913 4541 985 4602 dixit
1011 4551 1207 4620 procuratorem
1231 4543 1375 4604 &erorum
1391 4545 1477 4622 salure
1495 4564 1561 4606 eam
1586 4563 1652 4604 esse
1674 4551 1815 4622 equestrem
1836 4545 2019 4613 nobilitatem,
2042 4544 2098 4602 boc

531 4649 644 4727 soluit,
672 4659 873 4727 procuratores
896 4651 1054 4716 Caesarum
1086 4675 1144 4718 non
1175 4659 1285 4719 electos
1307 4658 1398 4718 luisse
1419 4660 1582 4734 promiscue
1605 4673 1641 4718 ex
1666 4657 1832 4733 equitibus,
1862 4662 1951 4718 edam
1973 4673 2009 4714 ex
2030 4655 2098 4716 ini·

530 4763 587 4820 nris
607 4769 638 4822 et
658 4762 806 4839 obscuris,
841 4761 895 4822 sed
921 4780 958 4824 ex
987 4769 1040 4844 iis,
1073 4770 1122 4842 qui
1152 4770 1227 4830 inter
1248 4775 1360 4830 ceteros
1386 4769 1515 4846 insignes
1542 4777 1656 4845 esaent;
1684 4787 1766 4847 quere
1796 4787 1889 4826 manus
1916 4770 2098 4845 procuratoris

530 4875 651 4931 romani
679 4875 763 4948 rqut‘ls'
791 4873 915 4934 emmas
944 4895 996 4956 pro
1029 4881 1173 4939 tedinom'o
1207 4884 1264 4940 stur
1293 4884 1478 4958 praestantiae
1509 4901 1569 4942 erre.
1622 4881 1668 4943 Eo
1703 4885 1798 4956 magis
1830 4888 1927 4940 autem
1961 4896 2014 4956 pat
2045 4879 2099 4940 intr

530 4984 580 5040 in.
595 4980 752 5056 Agricolae
783 5001 890 5062 gauere
921 4989 1067 5050 mnando
1096 5007 1204 5051 ramas
1237 4995 1311 5052 inter
1342 4995 1457 5070 equites
1488 4993 1667 5066 miditatem,
1707 4995 1728 5053 i.
1763 5011 1788 5053 e
1817 4994 1960 5068 insignem
1987 4993 2098 5066 locum,
