<?xml version="1.0" encoding="UTF-8"?>
<!DOCTYPE html PUBLIC "-//W3C//DTD XHTML 1.0 Transitional//EN"
    "http://www.w3.org/TR/xhtml1/DTD/xhtml1-transitional.dtd">
<html xmlns="http://www.w3.org/1999/xhtml" xml:lang="en" lang="en">
 <head>
  <title>
</title>
<meta http-equiv="Content-Type" content="text/html;charset=utf-8" />
  <meta name='ocr-system' content='tesseract 3.04.00' />
  <meta name='ocr-capabilities' content='ocr_page ocr_carea ocr_par ocr_line ocrx_word'/>
</head>
<body>
  <div class='ocr_page' id='page_1' title='image "./deglossematisfa00kritgoog_0007.png"; bbox 0 0 4776 6210; ppageno 0'>
   <div class='ocr_carea' id='block_1_1' title="bbox 1296 1009 1371 1086">
    <p class='ocr_par' dir='ltr' id='par_1_1' title="bbox 1296 1009 1371 1086">
     <span class='ocr_line' id='line_1_1' title="bbox 1296 1009 1371 1086; baseline 0 -70"><span class='ocrx_word' id='word_1_1' title='bbox 1296 1009 1322 1086; x_wconf 63' lang='lat'>4</span> <span class='ocrx_word' id='word_1_2' title='bbox 1370 1012 1371 1016; x_wconf 11' lang='grc' dir='ltr'>ψ</span> 
     </span>
    </p>
   </div>
   <div class='ocr_carea' id='block_1_2' title="bbox 504 1223 2089 3082">
    <p class='ocr_par' dir='ltr' id='par_1_2' title="bbox 504 1223 2089 2750">
     <span class='ocr_line' id='line_1_2' title="bbox 506 1223 2089 1306; baseline -0.001 -17"><span class='ocrx_word' id='word_1_3' title='bbox 506 1245 582 1306; x_wconf 89' lang='lat' dir='ltr'><strong>gnae</strong></span> <span class='ocrx_word' id='word_1_4' title='bbox 604 1228 713 1292; x_wconf 91' lang='lat' dir='ltr'><strong>latinae</strong></span> <span class='ocrx_word' id='word_1_5' title='bbox 742 1227 879 1300; x_wconf 86' lang='lat' dir='ltr'><strong>scientia,</strong></span> <span class='ocrx_word' id='word_1_6' title='bbox 913 1227 1047 1285; x_wconf 89' lang='lat' dir='ltr'><strong>acumine</strong></span> <span class='ocrx_word' id='word_1_7' title='bbox 1077 1223 1157 1284; x_wconf 91' lang='lat' dir='ltr'><strong>baud</strong></span> <span class='ocrx_word' id='word_1_8' title='bbox 1187 1227 1319 1302; x_wconf 84' lang='lat' dir='ltr'><strong>vulgari,</strong></span> <span class='ocrx_word' id='word_1_9' title='bbox 1354 1225 1487 1286; x_wconf 88' lang='lat' dir='ltr'><strong>doctrina</strong></span> <span class='ocrx_word' id='word_1_10' title='bbox 1514 1223 1642 1300; x_wconf 87' lang='lat' dir='ltr'><strong>deniqne</strong></span> <span class='ocrx_word' id='word_1_11' title='bbox 1672 1227 1819 1300; x_wconf 84' lang='lat' dir='ltr'><strong>exquisita</strong></span> <span class='ocrx_word' id='word_1_12' title='bbox 1845 1229 2004 1286; x_wconf 81' lang='lat' dir='ltr'><strong>instructus</strong></span> <span class='ocrx_word' id='word_1_13' title='bbox 2027 1235 2089 1287; x_wconf 69' lang='lat' dir='ltr'><strong>um</strong></span> 
     </span>
     <span class='ocr_line' id='line_1_3' title="bbox 507 1334 2089 1426; baseline -0.002 -25"><span class='ocrx_word' id='word_1_14' title='bbox 507 1340 607 1401; x_wconf 75' lang='lat' dir='ltr'><strong>dextm</strong></span> <span class='ocrx_word' id='word_1_15' title='bbox 630 1340 824 1416; x_wconf 84' lang='lat' dir='ltr'><strong>gnaviterque</strong></span> <span class='ocrx_word' id='word_1_16' title='bbox 847 1338 877 1394; x_wconf 95' lang='lat' dir='ltr'><strong>in</strong></span> <span class='ocrx_word' id='word_1_17' title='bbox 899 1334 1047 1426; x_wconf 79' lang='lat' dir='ltr'><strong>Agricola</strong></span> <span class='ocrx_word' id='word_1_18' title='bbox 1068 1337 1248 1398; x_wconf 85' lang='lat' dir='ltr'><strong>recensendo</strong></span> <span class='ocrx_word' id='word_1_19' title='bbox 1269 1335 1548 1412; x_wconf 88' lang='lat' dir='ltr'><strong>interpretandoqua</strong></span> <span class='ocrx_word' id='word_1_20' title='bbox 1579 1343 1712 1396; x_wconf 88' lang='lat' dir='ltr'><strong>versatos</strong></span> <span class='ocrx_word' id='word_1_21' title='bbox 1735 1343 1799 1412; x_wconf 89' lang='lat' dir='ltr'><strong>est,</strong></span> <span class='ocrx_word' id='word_1_22' title='bbox 1831 1343 1864 1396; x_wconf 92' lang='lat' dir='ltr'><strong>ut</strong></span> <span class='ocrx_word' id='word_1_23' title='bbox 1889 1340 2024 1414; x_wconf 85' lang='lat' dir='ltr'><strong>egregius</strong></span> <span class='ocrx_word' id='word_1_24' title='bbox 2046 1339 2089 1398; x_wconf 92' lang='lat' dir='ltr'><strong>li-</strong></span> 
     </span>
     <span class='ocr_line' id='line_1_4' title="bbox 510 1445 2088 1528; baseline 0 -18"><span class='ocrx_word' id='word_1_25' title='bbox 510 1451 621 1528; x_wconf 87' lang='lat' dir='ltr'><strong>bellus,</strong></span> <span class='ocrx_word' id='word_1_26' title='bbox 645 1453 734 1508; x_wconf 90' lang='lat' dir='ltr'><strong>etiam</strong></span> <span class='ocrx_word' id='word_1_27' title='bbox 756 1454 824 1523; x_wconf 90' lang='lat' dir='ltr'><strong>post</strong></span> <span class='ocrx_word' id='word_1_28' title='bbox 844 1447 1001 1506; x_wconf 91' lang='lat' dir='ltr'><strong>multorum</strong></span> <span class='ocrx_word' id='word_1_29' title='bbox 1022 1463 1121 1506; x_wconf 88' lang='lat' dir='ltr'><strong>curam</strong></span> <span class='ocrx_word' id='word_1_30' title='bbox 1148 1449 1247 1508; x_wconf 87' lang='lat' dir='ltr'><strong>moltis</strong></span> <span class='ocrx_word' id='word_1_31' title='bbox 1273 1448 1369 1508; x_wconf 88' lang='lat' dir='ltr'><strong>adbuc</strong></span> <span class='ocrx_word' id='word_1_32' title='bbox 1392 1449 1469 1506; x_wconf 88' lang='lat' dir='ltr'><strong>vitiis</strong></span> <span class='ocrx_word' id='word_1_33' title='bbox 1490 1445 1629 1524; x_wconf 78' lang='lat' dir='ltr'><strong>allectos,</strong></span> <span class='ocrx_word' id='word_1_34' title='bbox 1657 1463 1766 1507; x_wconf 87' lang='lat' dir='ltr'><strong>novam</strong></span> <span class='ocrx_word' id='word_1_35' title='bbox 1787 1449 1876 1525; x_wconf 87' lang='lat' dir='ltr'><strong>plana</strong></span> <span class='ocrx_word' id='word_1_36' title='bbox 1898 1447 2021 1509; x_wconf 80' lang='lat' dir='ltr'><strong>sormam</strong></span> <span class='ocrx_word' id='word_1_37' title='bbox 2042 1452 2088 1510; x_wconf 93' lang='lat' dir='ltr'><strong>in·</strong></span> 
     </span>
     <span class='ocr_line' id='line_1_5' title="bbox 509 1557 2089 1635; baseline -0.001 -13"><span class='ocrx_word' id='word_1_38' title='bbox 509 1561 614 1634; x_wconf 82' lang='lat' dir='ltr'><strong>duerit,</strong></span> <span class='ocrx_word' id='word_1_39' title='bbox 637 1567 665 1620; x_wconf 90' lang='lat' dir='ltr'><strong>et</strong></span> <span class='ocrx_word' id='word_1_40' title='bbox 687 1559 839 1635; x_wconf 91' lang='lat' dir='ltr'><strong>aliquanto</strong></span> <span class='ocrx_word' id='word_1_41' title='bbox 862 1558 983 1633; x_wconf 88' lang='lat' dir='ltr'><strong>propius</strong></span> <span class='ocrx_word' id='word_1_42' title='bbox 1010 1558 1047 1618; x_wconf 87' lang='lat' dir='ltr'><strong>ad</strong></span> <span class='ocrx_word' id='word_1_43' title='bbox 1068 1563 1221 1634; x_wconf 78' lang='lat' dir='ltr'><strong>pristinam</strong></span> <span class='ocrx_word' id='word_1_44' title='bbox 1242 1560 1400 1620; x_wconf 87' lang='lat' dir='ltr'><strong>accesserit</strong></span> <span class='ocrx_word' id='word_1_45' title='bbox 1425 1561 1627 1635; x_wconf 75' lang='lat' dir='ltr'><strong>iutegritatem.</strong></span> <span class='ocrx_word' id='word_1_46' title='bbox 1672 1559 1707 1618; x_wconf 96' lang='lat' dir='ltr'><strong>In</strong></span> <span class='ocrx_word' id='word_1_47' title='bbox 1734 1567 1817 1620; x_wconf 87' lang='lat' dir='ltr'><strong>tanta</strong></span> <span class='ocrx_word' id='word_1_48' title='bbox 1838 1557 2005 1621; x_wconf 86' lang='lat' dir='ltr'><strong>Wexianae</strong></span> <span class='ocrx_word' id='word_1_49' title='bbox 2026 1561 2089 1622; x_wconf 92' lang='lat' dir='ltr'><strong>edl-</strong></span> 
     </span>
     <span class='ocr_line' id='line_1_6' title="bbox 509 1668 2088 1749; baseline -0.001 -16"><span class='ocrx_word' id='word_1_50' title='bbox 509 1677 597 1734; x_wconf 88' lang='lat' dir='ltr'><strong>tionis</strong></span> <span class='ocrx_word' id='word_1_51' title='bbox 622 1675 801 1749; x_wconf 76' lang='lat' dir='ltr'><strong>praestantia</strong></span> <span class='ocrx_word' id='word_1_52' title='bbox 830 1685 919 1745; x_wconf 87' lang='lat' dir='ltr'><strong>aegre</strong></span> <span class='ocrx_word' id='word_1_53' title='bbox 947 1668 1097 1728; x_wconf 82' lang='lat' dir='ltr'><strong>serendum</strong></span> <span class='ocrx_word' id='word_1_54' title='bbox 1130 1679 1192 1746; x_wconf 90' lang='lat' dir='ltr'><strong>est,</strong></span> <span class='ocrx_word' id='word_1_55' title='bbox 1221 1670 1318 1746; x_wconf 88' lang='lat' dir='ltr'><strong>quod,</strong></span> <span class='ocrx_word' id='word_1_56' title='bbox 1345 1687 1435 1746; x_wconf 91' lang='lat' dir='ltr'><strong>quum</strong></span> <span class='ocrx_word' id='word_1_57' title='bbox 1463 1672 1508 1728; x_wconf 88' lang='lat' dir='ltr'><strong>vir</strong></span> <span class='ocrx_word' id='word_1_58' title='bbox 1531 1669 1716 1729; x_wconf 88' lang='lat' dir='ltr'><strong>doctissimus</strong></span> <span class='ocrx_word' id='word_1_59' title='bbox 1745 1668 1895 1730; x_wconf 89' lang='lat' dir='ltr'><strong>incidisset</strong></span> <span class='ocrx_word' id='word_1_60' title='bbox 1916 1674 1946 1730; x_wconf 93' lang='lat' dir='ltr'><strong>in</strong></span> <span class='ocrx_word' id='word_1_61' title='bbox 1970 1675 2088 1748; x_wconf 92' lang='lat' dir='ltr'><strong>opinio-</strong></span> 
     </span>
     <span class='ocr_line' id='line_1_7' title="bbox 507 1780 2089 1861; baseline 0 -18"><span class='ocrx_word' id='word_1_62' title='bbox 507 1803 575 1844; x_wconf 85' lang='lat' dir='ltr'><strong>nem</strong></span> <span class='ocrx_word' id='word_1_63' title='bbox 597 1785 783 1861; x_wconf 75' lang='lat' dir='ltr'><strong>glossematis</strong></span> <span class='ocrx_word' id='word_1_64' title='bbox 803 1780 936 1856; x_wconf 86' lang='lat' dir='ltr'><strong>plurimis</strong></span> <span class='ocrx_word' id='word_1_65' title='bbox 956 1782 1109 1856; x_wconf 90' lang='lat' dir='ltr'><strong>inquinata</strong></span> <span class='ocrx_word' id='word_1_66' title='bbox 1136 1799 1200 1842; x_wconf 91' lang='lat' dir='ltr'><strong>esse</strong></span> <span class='ocrx_word' id='word_1_67' title='bbox 1222 1783 1316 1842; x_wconf 79' lang='lat' dir='ltr'><strong>Taciti</strong></span> <span class='ocrx_word' id='word_1_68' title='bbox 1339 1783 1447 1852; x_wconf 87' lang='lat' dir='ltr'><strong>verba,</strong></span> <span class='ocrx_word' id='word_1_69' title='bbox 1471 1782 1579 1858; x_wconf 81' lang='lat' dir='ltr'><strong>quovis</strong></span> <span class='ocrx_word' id='word_1_70' title='bbox 1602 1780 1691 1842; x_wconf 91' lang='lat' dir='ltr'><strong>modo</strong></span> <span class='ocrx_word' id='word_1_71' title='bbox 1713 1781 1743 1840; x_wconf 95' lang='lat' dir='ltr'><strong>id</strong></span> <span class='ocrx_word' id='word_1_72' title='bbox 1763 1787 1839 1859; x_wconf 82' lang='lat' dir='ltr'><strong>egit,</strong></span> <span class='ocrx_word' id='word_1_73' title='bbox 1864 1789 1896 1842; x_wconf 91' lang='lat' dir='ltr'><strong>ut</strong></span> <span class='ocrx_word' id='word_1_74' title='bbox 1912 1781 2000 1843; x_wconf 90' lang='lat' dir='ltr'><strong>buius</strong></span> <span class='ocrx_word' id='word_1_75' title='bbox 2022 1787 2089 1859; x_wconf 94' lang='lat' dir='ltr'><strong>opi-</strong></span> 
     </span>
     <span class='ocr_line' id='line_1_8' title="bbox 504 1889 2089 1972; baseline -0.001 -17"><span class='ocrx_word' id='word_1_76' title='bbox 504 1889 605 1956; x_wconf 90' lang='lat' dir='ltr'><strong>nionis</strong></span> <span class='ocrx_word' id='word_1_77' title='bbox 627 1899 781 1956; x_wconf 87' lang='lat' dir='ltr'><strong>veritatem</strong></span> <span class='ocrx_word' id='word_1_78' title='bbox 804 1891 956 1968; x_wconf 88' lang='lat' dir='ltr'><strong>probaret,</strong></span> <span class='ocrx_word' id='word_1_79' title='bbox 989 1899 1018 1950; x_wconf 91' lang='lat' dir='ltr'><strong>et</strong></span> <span class='ocrx_word' id='word_1_80' title='bbox 1039 1891 1118 1952; x_wconf 91' lang='lat' dir='ltr'><strong>haud</strong></span> <span class='ocrx_word' id='word_1_81' title='bbox 1143 1909 1254 1969; x_wconf 90' lang='lat' dir='ltr'><strong>paucos</strong></span> <span class='ocrx_word' id='word_1_82' title='bbox 1277 1895 1358 1954; x_wconf 90' lang='lat' dir='ltr'><strong>locos</strong></span> <span class='ocrx_word' id='word_1_83' title='bbox 1381 1911 1439 1952; x_wconf 91' lang='lat' dir='ltr'><strong>non</strong></span> <span class='ocrx_word' id='word_1_84' title='bbox 1460 1892 1555 1950; x_wconf 92' lang='lat' dir='ltr'><strong>solum</strong></span> <span class='ocrx_word' id='word_1_85' title='bbox 1579 1895 1607 1950; x_wconf 92' lang='lat' dir='ltr'><strong>in</strong></span> <span class='ocrx_word' id='word_1_86' title='bbox 1636 1893 1869 1969; x_wconf 81' lang='lat' dir='ltr'><strong>interpolationis</strong></span> <span class='ocrx_word' id='word_1_87' title='bbox 1892 1899 2089 1972; x_wconf 79' lang='lat' dir='ltr'><strong>suspicionem</strong></span> 
     </span>
     <span class='ocr_line' id='line_1_9' title="bbox 509 2001 2089 2086; baseline 0.001 -21"><span class='ocrx_word' id='word_1_88' title='bbox 509 2017 642 2086; x_wconf 84' lang='lat' dir='ltr'><strong>vocaret,</strong></span> <span class='ocrx_word' id='word_1_89' title='bbox 667 2005 735 2080; x_wconf 87' lang='lat' dir='ltr'><strong>aad,</strong></span> <span class='ocrx_word' id='word_1_90' title='bbox 766 2012 906 2080; x_wconf 84' lang='lat' dir='ltr'><strong>tanquam</strong></span> <span class='ocrx_word' id='word_1_91' title='bbox 928 2001 1147 2078; x_wconf 79' lang='lat' dir='ltr'><strong>exploratores</strong></span> <span class='ocrx_word' id='word_1_92' title='bbox 1170 2013 1264 2082; x_wconf 88' lang='lat' dir='ltr'><strong>esset,</strong></span> <span class='ocrx_word' id='word_1_93' title='bbox 1303 2006 1416 2063; x_wconf 89' lang='lat' dir='ltr'><strong>uncinis</strong></span> <span class='ocrx_word' id='word_1_94' title='bbox 1439 2005 1582 2078; x_wconf 89' lang='lat' dir='ltr'><strong>appositis</strong></span> <span class='ocrx_word' id='word_1_95' title='bbox 1605 2021 1621 2063; x_wconf 92' lang='lat' dir='ltr'><strong>e</strong></span> <span class='ocrx_word' id='word_1_96' title='bbox 1648 2011 1728 2064; x_wconf 85' lang='lat' dir='ltr'><strong>textu</strong></span> <span class='ocrx_word' id='word_1_97' title='bbox 1761 2003 1919 2064; x_wconf 88' lang='lat' dir='ltr'><strong>eliciendos</strong></span> <span class='ocrx_word' id='word_1_98' title='bbox 1950 2012 2089 2067; x_wconf 82' lang='lat' dir='ltr'><strong>censeret</strong></span> 
     </span>
     <span class='ocr_line' id='line_1_10' title="bbox 508 2113 2088 2194; baseline 0.001 -17"><span class='ocrx_word' id='word_1_99' title='bbox 508 2116 591 2192; x_wconf 85' lang='lat' dir='ltr'><strong>Quae</strong></span> <span class='ocrx_word' id='word_1_100' title='bbox 626 2122 717 2188; x_wconf 88' lang='lat' dir='ltr'><strong>ratio,</strong></span> <span class='ocrx_word' id='word_1_101' title='bbox 748 2116 852 2175; x_wconf 84' lang='lat' dir='ltr'><strong>Tacito</strong></span> <span class='ocrx_word' id='word_1_102' title='bbox 890 2116 1007 2172; x_wconf 90' lang='lat' dir='ltr'><strong>minima</strong></span> <span class='ocrx_word' id='word_1_103' title='bbox 1041 2115 1197 2194; x_wconf 87' lang='lat' dir='ltr'><strong>salutaris,</strong></span> <span class='ocrx_word' id='word_1_104' title='bbox 1239 2115 1316 2176; x_wconf 91' lang='lat' dir='ltr'><strong>unde</strong></span> <span class='ocrx_word' id='word_1_105' title='bbox 1352 2117 1483 2191; x_wconf 87' lang='lat' dir='ltr'><strong>fluxerit,</strong></span> <span class='ocrx_word' id='word_1_106' title='bbox 1529 2131 1590 2172; x_wconf 90' lang='lat' dir='ltr'><strong>non</strong></span> <span class='ocrx_word' id='word_1_107' title='bbox 1622 2113 1739 2174; x_wconf 86' lang='lat' dir='ltr'><strong>difficile</strong></span> <span class='ocrx_word' id='word_1_108' title='bbox 1773 2123 1819 2174; x_wconf 91' lang='lat' dir='ltr'><strong>est</strong></span> <span class='ocrx_word' id='word_1_109' title='bbox 1846 2115 1884 2174; x_wconf 91' lang='lat' dir='ltr'><strong>ad</strong></span> <span class='ocrx_word' id='word_1_110' title='bbox 1920 2117 2088 2178; x_wconf 88' lang='lat' dir='ltr'><strong>videndum.</strong></span> 
     </span>
     <span class='ocr_line' id='line_1_11' title="bbox 507 2217 2088 2304; baseline 0.003 -18"><span class='ocrx_word' id='word_1_111' title='bbox 507 2226 622 2304; x_wconf 88' lang='lat' dir='ltr'><strong>Quippe</strong></span> <span class='ocrx_word' id='word_1_112' title='bbox 644 2231 732 2287; x_wconf 91' lang='lat' dir='ltr'><strong>nimio</strong></span> <span class='ocrx_word' id='word_1_113' title='bbox 761 2226 864 2286; x_wconf 89' lang='lat' dir='ltr'><strong>ardore</strong></span> <span class='ocrx_word' id='word_1_114' title='bbox 887 2233 917 2284; x_wconf 93' lang='lat' dir='ltr'><strong>et</strong></span> <span class='ocrx_word' id='word_1_115' title='bbox 939 2227 1024 2299; x_wconf 89' lang='lat' dir='ltr'><strong>quasi</strong></span> <span class='ocrx_word' id='word_1_116' title='bbox 1057 2226 1185 2300; x_wconf 89' lang='lat' dir='ltr'><strong>quodam</strong></span> <span class='ocrx_word' id='word_1_117' title='bbox 1207 2217 1318 2303; x_wconf 86' lang='lat' dir='ltr'><strong>impetu</strong></span> <span class='ocrx_word' id='word_1_118' title='bbox 1341 2229 1504 2288; x_wconf 87' lang='lat' dir='ltr'><strong>concitatus</strong></span> <span class='ocrx_word' id='word_1_119' title='bbox 1526 2224 1564 2283; x_wconf 91' lang='lat' dir='ltr'><strong>ad</strong></span> <span class='ocrx_word' id='word_1_120' title='bbox 1584 2225 1659 2286; x_wconf 88' lang='lat' dir='ltr'><strong>bene</strong></span> <span class='ocrx_word' id='word_1_121' title='bbox 1682 2226 1718 2287; x_wconf 89' lang='lat' dir='ltr'><strong>dc</strong></span> <span class='ocrx_word' id='word_1_122' title='bbox 1739 2231 1880 2302; x_wconf 90' lang='lat' dir='ltr'><strong>scriptore</strong></span> <span class='ocrx_word' id='word_1_123' title='bbox 1898 2246 1952 2288; x_wconf 88' lang='lat' dir='ltr'><strong>suo</strong></span> <span class='ocrx_word' id='word_1_124' title='bbox 1974 2247 2088 2290; x_wconf 88' lang='lat' dir='ltr'><strong>meren·</strong></span> 
     </span>
     <span class='ocr_line' id='line_1_12' title="bbox 507 2335 2087 2418; baseline 0.004 -24"><span class='ocrx_word' id='word_1_125' title='bbox 507 2335 594 2413; x_wconf 91' lang='lat' dir='ltr'><strong>dum,</strong></span> <span class='ocrx_word' id='word_1_126' title='bbox 622 2355 681 2398; x_wconf 89' lang='lat' dir='ltr'><strong>uon</strong></span> <span class='ocrx_word' id='word_1_127' title='bbox 702 2342 774 2398; x_wconf 91' lang='lat' dir='ltr'><strong>satis</strong></span> <span class='ocrx_word' id='word_1_128' title='bbox 803 2337 932 2395; x_wconf 81' lang='lat' dir='ltr'><strong>firmavit</strong></span> <span class='ocrx_word' id='word_1_129' title='bbox 953 2338 1082 2394; x_wconf 88' lang='lat' dir='ltr'><strong>animum</strong></span> <span class='ocrx_word' id='word_1_130' title='bbox 1104 2355 1190 2397; x_wconf 91' lang='lat' dir='ltr'><strong>suum</strong></span> <span class='ocrx_word' id='word_1_131' title='bbox 1222 2338 1261 2398; x_wconf 94' lang='lat' dir='ltr'><strong>ad</strong></span> <span class='ocrx_word' id='word_1_132' title='bbox 1291 2356 1343 2416; x_wconf 90' lang='lat' dir='ltr'><strong>ea,</strong></span> <span class='ocrx_word' id='word_1_133' title='bbox 1375 2355 1451 2414; x_wconf 88' lang='lat' dir='ltr'><strong>quae</strong></span> <span class='ocrx_word' id='word_1_134' title='bbox 1473 2341 1601 2414; x_wconf 88' lang='lat' dir='ltr'><strong>speciem</strong></span> <span class='ocrx_word' id='word_1_135' title='bbox 1626 2337 1714 2396; x_wconf 90' lang='lat' dir='ltr'><strong>modo</strong></span> <span class='ocrx_word' id='word_1_136' title='bbox 1741 2337 1852 2397; x_wconf 90' lang='lat' dir='ltr'><strong>babent</strong></span> <span class='ocrx_word' id='word_1_137' title='bbox 1874 2343 2023 2418; x_wconf 84' lang='lat' dir='ltr'><strong>veritatis,</strong></span> <span class='ocrx_word' id='word_1_138' title='bbox 2056 2358 2087 2400; x_wconf 85' lang='lat' dir='ltr'><strong>re</strong></span> 
     </span>
     <span class='ocr_line' id='line_1_13' title="bbox 507 2447 2088 2532; baseline 0.003 -27"><span class='ocrx_word' id='word_1_139' title='bbox 507 2447 571 2523; x_wconf 89' lang='lat' dir='ltr'><strong>ips&#39;a</strong></span> <span class='ocrx_word' id='word_1_140' title='bbox 593 2451 785 2509; x_wconf 87' lang='lat' dir='ltr'><strong>incertissima</strong></span> <span class='ocrx_word' id='word_1_141' title='bbox 807 2455 837 2508; x_wconf 90' lang='lat' dir='ltr'><strong>et</strong></span> <span class='ocrx_word' id='word_1_142' title='bbox 859 2447 927 2524; x_wconf 91' lang='lat' dir='ltr'><strong>plus</strong></span> <span class='ocrx_word' id='word_1_143' title='bbox 950 2463 1037 2523; x_wconf 88' lang='lat' dir='ltr'><strong>quam</strong></span> <span class='ocrx_word' id='word_1_144' title='bbox 1060 2447 1149 2508; x_wconf 91' lang='lat' dir='ltr'><strong>dubia</strong></span> <span class='ocrx_word' id='word_1_145' title='bbox 1168 2455 1252 2524; x_wconf 88' lang='lat' dir='ltr'><strong>sont,</strong></span> <span class='ocrx_word' id='word_1_146' title='bbox 1276 2449 1403 2509; x_wconf 87' lang='lat' dir='ltr'><strong>arcenda</strong></span> <span class='ocrx_word' id='word_1_147' title='bbox 1418 2457 1507 2524; x_wconf 88' lang='lat' dir='ltr'><strong>atque</strong></span> <span class='ocrx_word' id='word_1_148' title='bbox 1529 2447 1725 2525; x_wconf 89' lang='lat' dir='ltr'><strong>repudianda,</strong></span> <span class='ocrx_word' id='word_1_149' title='bbox 1748 2453 1902 2532; x_wconf 83' lang='lat' dir='ltr'><strong>immemor</strong></span> <span class='ocrx_word' id='word_1_150' title='bbox 1924 2452 1994 2513; x_wconf 88' lang='lat' dir='ltr'><strong>dicti</strong></span> <span class='ocrx_word' id='word_1_151' title='bbox 2014 2453 2088 2529; x_wconf 80' lang='lat' dir='ltr'><strong>lipi-</strong></span> 
     </span>
     <span class='ocr_line' id='line_1_14' title="bbox 510 2557 1933 2650; baseline 0.005 -32"><span class='ocrx_word' id='word_1_152' title='bbox 510 2557 616 2618; x_wconf 87' lang='lat' dir='ltr'><strong>cbarmi</strong></span> <span class='ocrx_word' id='word_1_153' title='bbox 638 2557 748 2620; x_wconf 83' lang='lat' dir='ltr'><strong>Siculi:</strong></span> <span class='ocrx_word' id='word_1_154' title='bbox 1931 2643 1933 2650; x_wconf 12' lang='lat' dir='ltr'>y</span> 
     </span>
     <span class='ocr_line' id='line_1_15' title="bbox 708 2661 1870 2750; baseline -0.002 -18"><span class='ocrx_word' id='word_1_155' title='bbox 708 2669 832 2750; x_wconf 80' lang='grc' dir='ltr'><em>νᾶφε,</em></span> <span class='ocrx_word' id='word_1_156' title='bbox 856 2664 927 2730; x_wconf 81' lang='lat' dir='ltr'><strong>aul</strong></span> <span class='ocrx_word' id='word_1_157' title='bbox 948 2661 1114 2748; x_wconf 72' lang='lat' dir='ltr'><strong>pdpvad</strong></span> <span class='ocrx_word' id='word_1_158' title='bbox 1138 2661 1343 2733; x_wconf 76' lang='grc' dir='ltr'><em>ἀπιστεῖν·</em></span> <span class='ocrx_word' id='word_1_159' title='bbox 1388 2663 1500 2748; x_wconf 74' lang='grc' dir='ltr'><strong>ἄρθρα</strong></span> <span class='ocrx_word' id='word_1_160' title='bbox 1520 2666 1624 2730; x_wconf 80' lang='grc' dir='ltr'><strong><em>ταῦτα</em></strong></span> <span class='ocrx_word' id='word_1_161' title='bbox 1644 2665 1707 2728; x_wconf 82' lang='grc' dir='ltr'><strong>τᾶν</strong></span> <span class='ocrx_word' id='word_1_162' title='bbox 1729 2667 1870 2748; x_wconf 72' lang='grc' dir='ltr'><strong><em>φρενῶν,</em></strong></span> 
     </span>
    </p>

    <p class='ocr_par' dir='ltr' id='par_1_3' title="bbox 508 2779 2088 3082">
     <span class='ocr_line' id='line_1_16' title="bbox 509 2779 2088 2858; baseline 0.003 -20"><span class='ocrx_word' id='word_1_163' title='bbox 509 2795 568 2855; x_wconf 93' lang='lat' dir='ltr'><strong>quo</strong></span> <span class='ocrx_word' id='word_1_164' title='bbox 598 2779 787 2842; x_wconf 88' lang='lat' dir='ltr'><strong>saluberrimo</strong></span> <span class='ocrx_word' id='word_1_165' title='bbox 810 2789 969 2857; x_wconf 87' lang='lat' dir='ltr'><strong>praecepto</strong></span> <span class='ocrx_word' id='word_1_166' title='bbox 992 2779 1127 2856; x_wconf 91' lang='lat' dir='ltr'><strong>neglecto</strong></span> <span class='ocrx_word' id='word_1_167' title='bbox 1160 2799 1256 2858; x_wconf 91' lang='lat' dir='ltr'><strong>neque</strong></span> <span class='ocrx_word' id='word_1_168' title='bbox 1286 2785 1386 2841; x_wconf 91' lang='lat' dir='ltr'><strong>critica</strong></span> <span class='ocrx_word' id='word_1_169' title='bbox 1408 2799 1547 2858; x_wconf 88' lang='lat' dir='ltr'><strong>prospere</strong></span> <span class='ocrx_word' id='word_1_170' title='bbox 1577 2783 1721 2858; x_wconf 87' lang='lat' dir='ltr'><strong>exerceri,</strong></span> <span class='ocrx_word' id='word_1_171' title='bbox 1751 2797 1848 2856; x_wconf 91' lang='lat' dir='ltr'><strong>neque</strong></span> <span class='ocrx_word' id='word_1_172' title='bbox 1873 2779 1992 2842; x_wconf 84' lang='lat' dir='ltr'><strong>litterae</strong></span> <span class='ocrx_word' id='word_1_173' title='bbox 2022 2799 2088 2843; x_wconf 91' lang='lat' dir='ltr'><strong>cum</strong></span> 
     </span>
     <span class='ocr_line' id='line_1_17' title="bbox 508 2879 2088 2969; baseline 0.002 -19"><span class='ocrx_word' id='word_1_174' title='bbox 508 2891 603 2950; x_wconf 78' lang='lat' dir='ltr'><strong>fructu</strong></span> <span class='ocrx_word' id='word_1_175' title='bbox 624 2898 739 2952; x_wconf 82' lang='lat' dir='ltr'><strong>bactari</strong></span> <span class='ocrx_word' id='word_1_176' title='bbox 770 2900 909 2969; x_wconf 89' lang='lat' dir='ltr'><strong>possunt,</strong></span> <span class='ocrx_word' id='word_1_177' title='bbox 937 2907 1034 2966; x_wconf 89' lang='lat' dir='ltr'><strong>neque</strong></span> <span class='ocrx_word' id='word_1_178' title='bbox 1057 2890 1116 2950; x_wconf 89' lang='lat' dir='ltr'><strong>ulla</strong></span> <span class='ocrx_word' id='word_1_179' title='bbox 1143 2892 1272 2953; x_wconf 88' lang='lat' dir='ltr'><strong>bumana</strong></span> <span class='ocrx_word' id='word_1_180' title='bbox 1293 2901 1371 2952; x_wconf 90' lang='lat' dir='ltr'><strong>recte</strong></span> <span class='ocrx_word' id='word_1_181' title='bbox 1393 2893 1563 2968; x_wconf 87' lang='lat' dir='ltr'><strong>procedunt.</strong></span> <span class='ocrx_word' id='word_1_182' title='bbox 1609 2891 1706 2966; x_wconf 89' lang='lat' dir='ltr'><strong>Quam</strong></span> <span class='ocrx_word' id='word_1_183' title='bbox 1728 2893 1847 2952; x_wconf 79' lang='lat' dir='ltr'><strong>difficile</strong></span> <span class='ocrx_word' id='word_1_184' title='bbox 1870 2898 1970 2953; x_wconf 91' lang='lat' dir='ltr'><strong>autem</strong></span> <span class='ocrx_word' id='word_1_185' title='bbox 1991 2897 2030 2952; x_wconf 90' lang='lat' dir='ltr'><strong>eit</strong></span> <span class='ocrx_word' id='word_1_186' title='bbox 2050 2879 2088 2953; x_wconf 59' lang='lat' dir='ltr'><strong>rlss</strong></span> 
     </span>
     <span class='ocr_line' id='line_1_18' title="bbox 508 3001 2087 3082; baseline 0.003 -22"><span class='ocrx_word' id='word_1_187' title='bbox 508 3001 567 3061; x_wconf 89' lang='lat' dir='ltr'><strong>lam</strong></span> <span class='ocrx_word' id='word_1_188' title='bbox 578 3003 792 3078; x_wconf 81' lang='lat' dir='ltr'><strong>Epicharmium</strong></span> <span class='ocrx_word' id='word_1_189' title='bbox 813 3011 890 3063; x_wconf 90' lang='lat' dir='ltr'><strong>recte</strong></span> <span class='ocrx_word' id='word_1_190' title='bbox 912 3002 1061 3063; x_wconf 88' lang='lat' dir='ltr'><strong>iudicandi</strong></span> <span class='ocrx_word' id='word_1_191' title='bbox 1082 3003 1248 3080; x_wconf 80' lang='lat' dir='ltr'><strong>agendique</strong></span> <span class='ocrx_word' id='word_1_192' title='bbox 1270 3021 1402 3063; x_wconf 87' lang='lat' dir='ltr'><strong>normam</strong></span> <span class='ocrx_word' id='word_1_193' title='bbox 1425 3010 1592 3064; x_wconf 87' lang='lat' dir='ltr'><strong>constanter</strong></span> <span class='ocrx_word' id='word_1_194' title='bbox 1613 3003 1779 3081; x_wconf 88' lang='lat' dir='ltr'><strong>observare,</strong></span> <span class='ocrx_word' id='word_1_195' title='bbox 1803 3002 1930 3062; x_wconf 84' lang='lat' dir='ltr'><strong>Werius</strong></span> <span class='ocrx_word' id='word_1_196' title='bbox 1954 3007 2018 3082; x_wconf 87' lang='lat' dir='ltr'><strong>ipse</strong></span> <span class='ocrx_word' id='word_1_197' title='bbox 2039 3007 2087 3064; x_wconf 91' lang='lat' dir='ltr'><strong>iu-</strong></span> 
     </span>
    </p>
   </div>
   <div class='ocr_carea' id='block_1_3' title="bbox 421 3113 2088 3193">
    <p class='ocr_par' dir='ltr' id='par_1_4' title="bbox 421 3113 2088 3193">
     <span class='ocr_line' id='line_1_19' title="bbox 421 3113 2088 3193; baseline 0.004 -23"><span class='ocrx_word' id='word_1_198' title='bbox 421 3179 424 3184; x_wconf 42' lang='lat'><strong>,</strong></span> <span class='ocrx_word' id='word_1_199' title='bbox 508 3116 586 3172; x_wconf 84' lang='lat' dir='ltr'><strong>ritus</strong></span> <span class='ocrx_word' id='word_1_200' title='bbox 609 3113 741 3173; x_wconf 88' lang='lat' dir='ltr'><strong>ostendit.</strong></span> <span class='ocrx_word' id='word_1_201' title='bbox 788 3114 845 3190; x_wconf 89' lang='lat' dir='ltr'><strong>Qui</strong></span> <span class='ocrx_word' id='word_1_202' title='bbox 875 3131 966 3190; x_wconf 92' lang='lat' dir='ltr'><strong>quum</strong></span> <span class='ocrx_word' id='word_1_203' title='bbox 988 3131 1068 3172; x_wconf 87' lang='lat' dir='ltr'><strong>vana</strong></span> <span class='ocrx_word' id='word_1_204' title='bbox 1092 3113 1219 3173; x_wconf 89' lang='lat' dir='ltr'><strong>Walchli</strong></span> <span class='ocrx_word' id='word_1_205' title='bbox 1243 3123 1423 3192; x_wconf 70' lang='lat' dir='ltr'><strong>commem,</strong></span> <span class='ocrx_word' id='word_1_206' title='bbox 1452 3120 1535 3175; x_wconf 87' lang='lat' dir='ltr'><strong>cuius</strong></span> <span class='ocrx_word' id='word_1_207' title='bbox 1559 3113 1648 3174; x_wconf 89' lang='lat' dir='ltr'><strong>editio</strong></span> <span class='ocrx_word' id='word_1_208' title='bbox 1679 3113 1833 3189; x_wconf 89' lang='lat' dir='ltr'><strong>Agricolae</strong></span> <span class='ocrx_word' id='word_1_209' title='bbox 1855 3119 1964 3193; x_wconf 83' lang='lat' dir='ltr'><strong>insigni</strong></span> <span class='ocrx_word' id='word_1_210' title='bbox 1995 3115 2088 3176; x_wconf 89' lang='lat' dir='ltr'><strong>docu-</strong></span> 
     </span>
    </p>
   </div>
   <div class='ocr_carea' id='block_1_4' title="bbox 506 3225 2089 5085">
    <p class='ocr_par' dir='ltr' id='par_1_5' title="bbox 506 3225 2089 3746">
     <span class='ocr_line' id='line_1_20' title="bbox 507 3225 2089 3302; baseline 0.003 -21"><span class='ocrx_word' id='word_1_211' title='bbox 507 3233 606 3284; x_wconf 90' lang='lat' dir='ltr'><strong>mento</strong></span> <span class='ocrx_word' id='word_1_212' title='bbox 629 3235 684 3300; x_wconf 90' lang='lat' dir='ltr'><strong>est,</strong></span> <span class='ocrx_word' id='word_1_213' title='bbox 716 3235 826 3300; x_wconf 88' lang='lat' dir='ltr'><strong>quanta</strong></span> <span class='ocrx_word' id='word_1_214' title='bbox 848 3225 977 3285; x_wconf 90' lang='lat' dir='ltr'><strong>doctrina</strong></span> <span class='ocrx_word' id='word_1_215' title='bbox 1001 3241 1067 3283; x_wconf 90' lang='lat' dir='ltr'><strong>eum</strong></span> <span class='ocrx_word' id='word_1_216' title='bbox 1090 3233 1201 3301; x_wconf 87' lang='lat' dir='ltr'><strong>quanta</strong></span> <span class='ocrx_word' id='word_1_217' title='bbox 1221 3228 1330 3300; x_wconf 92' lang='lat' dir='ltr'><strong>ingenii</strong></span> <span class='ocrx_word' id='word_1_218' title='bbox 1353 3233 1545 3302; x_wconf 88' lang='lat' dir='ltr'><strong>perversitate</strong></span> <span class='ocrx_word' id='word_1_219' title='bbox 1577 3229 1732 3286; x_wconf 88' lang='lat' dir='ltr'><strong>coniuncta</strong></span> <span class='ocrx_word' id='word_1_220' title='bbox 1754 3241 1818 3285; x_wconf 91' lang='lat' dir='ltr'><strong>esse</strong></span> <span class='ocrx_word' id='word_1_221' title='bbox 1841 3230 1951 3300; x_wconf 82' lang='lat' dir='ltr'><strong>possit,</strong></span> <span class='ocrx_word' id='word_1_222' title='bbox 1978 3232 2037 3286; x_wconf 91' lang='lat' dir='ltr'><strong>acri</strong></span> <span class='ocrx_word' id='word_1_223' title='bbox 2059 3233 2089 3286; x_wconf 89' lang='lat' dir='ltr'><strong>et</strong></span> 
     </span>
     <span class='ocr_line' id='line_1_21' title="bbox 508 3333 2089 3410; baseline 0.001 -18"><span class='ocrx_word' id='word_1_224' title='bbox 508 3335 718 3410; x_wconf 88' lang='lat' dir='ltr'><strong>circumspecto</strong></span> <span class='ocrx_word' id='word_1_225' title='bbox 741 3336 845 3396; x_wconf 89' lang='lat' dir='ltr'><strong>iudicio</strong></span> <span class='ocrx_word' id='word_1_226' title='bbox 868 3337 1062 3397; x_wconf 84' lang='lat' dir='ltr'><strong>adseverem</strong></span> <span class='ocrx_word' id='word_1_227' title='bbox 1086 3353 1239 3396; x_wconf 88' lang='lat' dir='ltr'><strong>censuram</strong></span> <span class='ocrx_word' id='word_1_228' title='bbox 1263 3343 1415 3410; x_wconf 82' lang='lat' dir='ltr'><strong>vocasset,</strong></span> <span class='ocrx_word' id='word_1_229' title='bbox 1440 3353 1499 3396; x_wconf 91' lang='lat' dir='ltr'><strong>non</strong></span> <span class='ocrx_word' id='word_1_230' title='bbox 1520 3353 1625 3410; x_wconf 88' lang='lat' dir='ltr'><strong>passus</strong></span> <span class='ocrx_word' id='word_1_231' title='bbox 1647 3333 1727 3393; x_wconf 88' lang='lat' dir='ltr'><strong>illins</strong></span> <span class='ocrx_word' id='word_1_232' title='bbox 1749 3333 1925 3394; x_wconf 88' lang='lat' dir='ltr'><strong>confidentia</strong></span> <span class='ocrx_word' id='word_1_233' title='bbox 1952 3343 1982 3395; x_wconf 91' lang='lat' dir='ltr'><strong>et</strong></span> <span class='ocrx_word' id='word_1_234' title='bbox 2004 3337 2089 3396; x_wconf 86' lang='lat' dir='ltr'><strong>vani-</strong></span> 
     </span>
     <span class='ocr_line' id='line_1_22' title="bbox 506 3444 2087 3523; baseline 0.003 -20"><span class='ocrx_word' id='word_1_235' title='bbox 506 3444 658 3519; x_wconf 87' lang='lat' dir='ltr'><strong>loquentia</strong></span> <span class='ocrx_word' id='word_1_236' title='bbox 680 3447 735 3505; x_wconf 92' lang='lat' dir='ltr'><strong>sibi</strong></span> <span class='ocrx_word' id='word_1_237' title='bbox 757 3449 884 3522; x_wconf 87' lang='lat' dir='ltr'><strong>imponi,</strong></span> <span class='ocrx_word' id='word_1_238' title='bbox 907 3453 971 3523; x_wconf 87' lang='lat' dir='ltr'><strong>ipse</strong></span> <span class='ocrx_word' id='word_1_239' title='bbox 993 3449 1050 3508; x_wconf 93' lang='lat' dir='ltr'><strong>sibi</strong></span> <span class='ocrx_word' id='word_1_240' title='bbox 1072 3453 1102 3506; x_wconf 94' lang='lat' dir='ltr'><strong>in</strong></span> <span class='ocrx_word' id='word_1_241' title='bbox 1124 3464 1193 3506; x_wconf 84' lang='lat' dir='ltr'><strong>vero</strong></span> <span class='ocrx_word' id='word_1_242' title='bbox 1216 3447 1387 3522; x_wconf 89' lang='lat' dir='ltr'><strong>reperiendo</strong></span> <span class='ocrx_word' id='word_1_243' title='bbox 1408 3463 1466 3506; x_wconf 92' lang='lat' dir='ltr'><strong>non</strong></span> <span class='ocrx_word' id='word_1_244' title='bbox 1489 3449 1562 3506; x_wconf 88' lang='lat' dir='ltr'><strong>satis</strong></span> <span class='ocrx_word' id='word_1_245' title='bbox 1591 3445 1704 3504; x_wconf 83' lang='lat' dir='ltr'><strong>diffisus</strong></span> <span class='ocrx_word' id='word_1_246' title='bbox 1727 3454 1886 3522; x_wconf 87' lang='lat' dir='ltr'><strong>conceptas</strong></span> <span class='ocrx_word' id='word_1_247' title='bbox 1909 3445 1947 3506; x_wconf 90' lang='lat' dir='ltr'><strong>de</strong></span> <span class='ocrx_word' id='word_1_248' title='bbox 1969 3448 2087 3523; x_wconf 87' lang='lat' dir='ltr'><strong>glosse-</strong></span> 
     </span>
     <span class='ocr_line' id='line_1_23' title="bbox 507 3557 2086 3635; baseline 0.004 -22"><span class='ocrx_word' id='word_1_249' title='bbox 507 3557 594 3614; x_wconf 87' lang='lat' dir='ltr'><strong>matis</strong></span> <span class='ocrx_word' id='word_1_250' title='bbox 618 3561 649 3615; x_wconf 95' lang='lat' dir='ltr'><strong>in</strong></span> <span class='ocrx_word' id='word_1_251' title='bbox 671 3557 809 3633; x_wconf 78' lang='lat' dir='ltr'><strong>Agricola</strong></span> <span class='ocrx_word' id='word_1_252' title='bbox 829 3563 1013 3635; x_wconf 87' lang='lat' dir='ltr'><strong>suspiciones</strong></span> <span class='ocrx_word' id='word_1_253' title='bbox 1038 3557 1172 3635; x_wconf 87' lang='lat' dir='ltr'><strong>cupidius</strong></span> <span class='ocrx_word' id='word_1_254' title='bbox 1202 3558 1355 3633; x_wconf 84' lang='lat' dir='ltr'><strong>amplexus</strong></span> <span class='ocrx_word' id='word_1_255' title='bbox 1377 3567 1429 3618; x_wconf 87' lang='lat' dir='ltr'><strong>est</strong></span> <span class='ocrx_word' id='word_1_256' title='bbox 1474 3559 1568 3634; x_wconf 89' lang='lat' dir='ltr'><strong>Quem</strong></span> <span class='ocrx_word' id='word_1_257' title='bbox 1594 3559 1658 3616; x_wconf 89' lang='lat' dir='ltr'><strong>eius</strong></span> <span class='ocrx_word' id='word_1_258' title='bbox 1685 3573 1810 3616; x_wconf 87' lang='lat' dir='ltr'><strong>errorem</strong></span> <span class='ocrx_word' id='word_1_259' title='bbox 1832 3573 1884 3632; x_wconf 88' lang='lat' dir='ltr'><strong>per</strong></span> <span class='ocrx_word' id='word_1_260' title='bbox 1907 3563 2000 3617; x_wconf 89' lang='lat' dir='ltr'><strong>totam</strong></span> <span class='ocrx_word' id='word_1_261' title='bbox 2023 3564 2086 3620; x_wconf 88' lang='lat' dir='ltr'><strong>eius</strong></span> 
     </span>
     <span class='ocr_line' id='line_1_24' title="bbox 507 3665 1603 3746; baseline 0.002 -20"><span class='ocrx_word' id='word_1_262' title='bbox 507 3665 666 3726; x_wconf 91' lang='lat' dir='ltr'><strong>editionem</strong></span> <span class='ocrx_word' id='word_1_263' title='bbox 689 3669 824 3728; x_wconf 86' lang='lat' dir='ltr'><strong>didusum</strong></span> <span class='ocrx_word' id='word_1_264' title='bbox 842 3669 899 3729; x_wconf 91' lang='lat' dir='ltr'><strong>hoc</strong></span> <span class='ocrx_word' id='word_1_265' title='bbox 921 3671 1020 3731; x_wconf 92' lang='lat' dir='ltr'><strong>libello</strong></span> <span class='ocrx_word' id='word_1_266' title='bbox 1044 3669 1220 3746; x_wconf 88' lang='lat' dir='ltr'><strong>radarguere</strong></span> <span class='ocrx_word' id='word_1_267' title='bbox 1241 3669 1326 3728; x_wconf 92' lang='lat' dir='ltr'><strong>nobis</strong></span> <span class='ocrx_word' id='word_1_268' title='bbox 1346 3674 1526 3745; x_wconf 90' lang='lat' dir='ltr'><strong>propositum</strong></span> <span class='ocrx_word' id='word_1_269' title='bbox 1550 3677 1603 3730; x_wconf 88' lang='lat' dir='ltr'><strong>eet.</strong></span> 
     </span>
    </p>

    <p class='ocr_par' dir='ltr' id='par_1_6' title="bbox 506 3778 2087 5085">
     <span class='ocr_line' id='line_1_25' title="bbox 659 3778 2087 3860; baseline 0.003 -23"><span class='ocrx_word' id='word_1_270' title='bbox 659 3779 780 3839; x_wconf 91' lang='lat' dir='ltr'><strong>Nullum</strong></span> <span class='ocrx_word' id='word_1_271' title='bbox 804 3799 868 3840; x_wconf 85' lang='lat' dir='ltr'><strong>esee</strong></span> <span class='ocrx_word' id='word_1_272' title='bbox 892 3785 1079 3860; x_wconf 85' lang='lat' dir='ltr'><strong>scriptorem,</strong></span> <span class='ocrx_word' id='word_1_273' title='bbox 1111 3783 1140 3839; x_wconf 92' lang='lat' dir='ltr'><strong>in</strong></span> <span class='ocrx_word' id='word_1_274' title='bbox 1161 3797 1219 3856; x_wconf 91' lang='lat' dir='ltr'><strong>quo</strong></span> <span class='ocrx_word' id='word_1_275' title='bbox 1242 3796 1300 3838; x_wconf 94' lang='lat' dir='ltr'><strong>non</strong></span> <span class='ocrx_word' id='word_1_276' title='bbox 1322 3778 1369 3840; x_wconf 91' lang='lat' dir='ltr'><strong>bic</strong></span> <span class='ocrx_word' id='word_1_277' title='bbox 1397 3780 1455 3840; x_wconf 90' lang='lat' dir='ltr'><strong>illic</strong></span> <span class='ocrx_word' id='word_1_278' title='bbox 1486 3780 1597 3857; x_wconf 87' lang='lat' dir='ltr'><strong>aliquid</strong></span> <span class='ocrx_word' id='word_1_279' title='bbox 1626 3779 1663 3839; x_wconf 90' lang='lat' dir='ltr'><strong>ab</strong></span> <span class='ocrx_word' id='word_1_280' title='bbox 1686 3783 1820 3855; x_wconf 87' lang='lat' dir='ltr'><strong>imperita</strong></span> <span class='ocrx_word' id='word_1_281' title='bbox 1842 3795 1931 3839; x_wconf 91' lang='lat' dir='ltr'><strong>manu</strong></span> <span class='ocrx_word' id='word_1_282' title='bbox 1955 3781 2087 3841; x_wconf 89' lang='lat' dir='ltr'><strong>inculca-</strong></span> 
     </span>
     <span class='ocr_line' id='line_1_26' title="bbox 507 3890 2085 3970; baseline 0.003 -21"><span class='ocrx_word' id='word_1_283' title='bbox 507 3897 569 3949; x_wconf 91' lang='lat' dir='ltr'><strong>tom</strong></span> <span class='ocrx_word' id='word_1_284' title='bbox 593 3891 646 3963; x_wconf 90' lang='lat' dir='ltr'><strong>sit,</strong></span> <span class='ocrx_word' id='word_1_285' title='bbox 678 3890 766 3950; x_wconf 82' lang='lat' dir='ltr'><strong>facile</strong></span> <span class='ocrx_word' id='word_1_286' title='bbox 790 3909 890 3952; x_wconf 85' lang='lat' dir='ltr'><strong>omnes</strong></span> <span class='ocrx_word' id='word_1_287' title='bbox 910 3892 1080 3970; x_wconf 90' lang='lat' dir='ltr'><strong>largiuntur.</strong></span> <span class='ocrx_word' id='word_1_288' title='bbox 1133 3890 1230 3966; x_wconf 82' lang='lat' dir='ltr'><strong>Quare</strong></span> <span class='ocrx_word' id='word_1_289' title='bbox 1260 3893 1285 3950; x_wconf 88' lang='lat' dir='ltr'><strong>si</strong></span> <span class='ocrx_word' id='word_1_290' title='bbox 1308 3894 1374 3966; x_wconf 87' lang='lat' dir='ltr'><strong>quis</strong></span> <span class='ocrx_word' id='word_1_291' title='bbox 1396 3893 1577 3968; x_wconf 84' lang='lat' dir='ltr'><strong>glossemata</strong></span> <span class='ocrx_word' id='word_1_292' title='bbox 1604 3909 1637 3950; x_wconf 91' lang='lat' dir='ltr'><strong>se</strong></span> <span class='ocrx_word' id='word_1_293' title='bbox 1665 3891 1810 3950; x_wconf 83' lang='lat' dir='ltr'><strong>detexisse</strong></span> <span class='ocrx_word' id='word_1_294' title='bbox 1833 3891 1996 3968; x_wconf 89' lang='lat' dir='ltr'><strong>prolitetur,</strong></span> <span class='ocrx_word' id='word_1_295' title='bbox 2024 3911 2085 3953; x_wconf 91' lang='lat' dir='ltr'><strong>rem</strong></span> 
     </span>
     <span class='ocr_line' id='line_1_27' title="bbox 508 4001 2080 4081; baseline 0.003 -21"><span class='ocrx_word' id='word_1_296' title='bbox 508 4003 571 4077; x_wconf 88' lang='lat' dir='ltr'><strong>agit</strong></span> <span class='ocrx_word' id='word_1_297' title='bbox 592 4018 644 4076; x_wconf 93' lang='lat' dir='ltr'><strong>per</strong></span> <span class='ocrx_word' id='word_1_298' title='bbox 665 4019 697 4060; x_wconf 91' lang='lat' dir='ltr'><strong>se</strong></span> <span class='ocrx_word' id='word_1_299' title='bbox 720 4005 838 4064; x_wconf 91' lang='lat' dir='ltr'><strong>minime</strong></span> <span class='ocrx_word' id='word_1_300' title='bbox 857 4003 1088 4081; x_wconf 89' lang='lat' dir='ltr'><strong>improbabilem.</strong></span> <span class='ocrx_word' id='word_1_301' title='bbox 1133 4002 1191 4063; x_wconf 85' lang='lat' dir='ltr'><strong>Sed</strong></span> <span class='ocrx_word' id='word_1_302' title='bbox 1214 4002 1267 4059; x_wconf 85' lang='lat' dir='ltr'><strong>duo</strong></span> <span class='ocrx_word' id='word_1_303' title='bbox 1293 4006 1318 4058; x_wconf 82' lang='lat' dir='ltr'><strong>et</strong></span> <span class='ocrx_word' id='word_1_304' title='bbox 1339 4007 1448 4078; x_wconf 55' lang='lat' dir='ltr'><strong>*ur&#39;ggr&#39;ntr&#39;</strong></span> <span class='ocrx_word' id='word_1_305' title='bbox 1467 4009 1496 4062; x_wconf 92' lang='lat' dir='ltr'><strong>in</strong></span> <span class='ocrx_word' id='word_1_306' title='bbox 1522 4003 1586 4064; x_wconf 91' lang='lat' dir='ltr'><strong>solo</strong></span> <span class='ocrx_word' id='word_1_307' title='bbox 1617 4001 1758 4079; x_wconf 80' lang='lat' dir='ltr'><strong>Agricola</strong></span> <span class='ocrx_word' id='word_1_308' title='bbox 1779 4003 1922 4077; x_wconf 91' lang='lat' dir='ltr'><strong>reperisse</strong></span> <span class='ocrx_word' id='word_1_309' title='bbox 1951 4003 2006 4063; x_wconf 91' lang='lat' dir='ltr'><strong>sibl</strong></span> <span class='ocrx_word' id='word_1_310' title='bbox 2031 4009 2080 4064; x_wconf 80' lang='lat' dir='ltr'><strong>vi·</strong></span> 
     </span>
     <span class='ocr_line' id='line_1_28' title="bbox 508 4111 2085 4192; baseline 0.004 -22"><span class='ocrx_word' id='word_1_311' title='bbox 508 4129 560 4171; x_wconf 86' lang='lat' dir='ltr'><strong>sus</strong></span> <span class='ocrx_word' id='word_1_312' title='bbox 580 4117 625 4171; x_wconf 90' lang='lat' dir='ltr'><strong>cst</strong></span> <span class='ocrx_word' id='word_1_313' title='bbox 646 4111 786 4191; x_wconf 79' lang='lat' dir='ltr'><strong>Wexius3</strong></span> <span class='ocrx_word' id='word_1_314' title='bbox 810 4119 860 4190; x_wconf 90' lang='lat' dir='ltr'><strong>qui</strong></span> <span class='ocrx_word' id='word_1_315' title='bbox 887 4131 1024 4175; x_wconf 88' lang='lat' dir='ltr'><strong>numerus</strong></span> <span class='ocrx_word' id='word_1_316' title='bbox 1051 4133 1104 4192; x_wconf 92' lang='lat' dir='ltr'><strong>pro</strong></span> <span class='ocrx_word' id='word_1_317' title='bbox 1127 4116 1233 4189; x_wconf 81' lang='lat' dir='ltr'><strong>exiguo</strong></span> <span class='ocrx_word' id='word_1_318' title='bbox 1256 4111 1323 4170; x_wconf 89' lang='lat' dir='ltr'><strong>libri</strong></span> <span class='ocrx_word' id='word_1_319' title='bbox 1345 4114 1456 4174; x_wconf 89' lang='lat' dir='ltr'><strong>ambitu</strong></span> <span class='ocrx_word' id='word_1_320' title='bbox 1478 4123 1537 4175; x_wconf 91' lang='lat' dir='ltr'><strong>tam</strong></span> <span class='ocrx_word' id='word_1_321' title='bbox 1560 4116 1686 4174; x_wconf 91' lang='lat' dir='ltr'><strong>enormis</strong></span> <span class='ocrx_word' id='word_1_322' title='bbox 1709 4121 1764 4188; x_wconf 90' lang='lat' dir='ltr'><strong>eet,</strong></span> <span class='ocrx_word' id='word_1_323' title='bbox 1786 4120 1834 4190; x_wconf 91' lang='lat' dir='ltr'><strong>ut,</strong></span> <span class='ocrx_word' id='word_1_324' title='bbox 1858 4116 1884 4173; x_wconf 88' lang='lat' dir='ltr'><strong>sl</strong></span> <span class='ocrx_word' id='word_1_325' title='bbox 1906 4113 1962 4175; x_wconf 93' lang='lat' dir='ltr'><strong>boc</strong></span> <span class='ocrx_word' id='word_1_326' title='bbox 1990 4133 2085 4192; x_wconf 88' lang='lat' dir='ltr'><strong>genus</strong></span> 
     </span>
     <span class='ocr_line' id='line_1_29' title="bbox 510 4223 2085 4304; baseline 0.005 -25"><span class='ocrx_word' id='word_1_327' title='bbox 510 4223 737 4302; x_wconf 89' lang='lat' dir='ltr'><strong>corruptelarum</strong></span> <span class='ocrx_word' id='word_1_328' title='bbox 759 4228 867 4300; x_wconf 88' lang='lat' dir='ltr'><strong>pariter</strong></span> <span class='ocrx_word' id='word_1_329' title='bbox 887 4229 998 4304; x_wconf 86' lang='lat' dir='ltr'><strong>reliqua</strong></span> <span class='ocrx_word' id='word_1_330' title='bbox 1020 4227 1118 4286; x_wconf 84' lang='lat' dir='ltr'><strong>Taciti</strong></span> <span class='ocrx_word' id='word_1_331' title='bbox 1147 4241 1236 4302; x_wconf 90' lang='lat' dir='ltr'><strong>opera</strong></span> <span class='ocrx_word' id='word_1_332' title='bbox 1261 4229 1436 4300; x_wconf 87' lang='lat' dir='ltr'><strong>invasisset,</strong></span> <span class='ocrx_word' id='word_1_333' title='bbox 1465 4228 1514 4286; x_wconf 87' lang='lat' dir='ltr'><strong>vel</strong></span> <span class='ocrx_word' id='word_1_334' title='bbox 1535 4227 1652 4285; x_wconf 91' lang='lat' dir='ltr'><strong>modica</strong></span> <span class='ocrx_word' id='word_1_335' title='bbox 1673 4228 1881 4300; x_wconf 89' lang='lat' dir='ltr'><strong>supputatione</strong></span> <span class='ocrx_word' id='word_1_336' title='bbox 1902 4226 1972 4301; x_wconf 84' lang='lat' dir='ltr'><strong>plus</strong></span> <span class='ocrx_word' id='word_1_337' title='bbox 1996 4245 2085 4303; x_wconf 90' lang='lat' dir='ltr'><strong>quam</strong></span> 
     </span>
     <span class='ocr_line' id='line_1_30' title="bbox 508 4335 2085 4414; baseline 0.004 -23"><span class='ocrx_word' id='word_1_338' title='bbox 508 4337 670 4412; x_wconf 83' lang='lat' dir='ltr'><strong>quingenta</strong></span> <span class='ocrx_word' id='word_1_339' title='bbox 692 4337 874 4412; x_wconf 88' lang='lat' dir='ltr'><strong>glossemata</strong></span> <span class='ocrx_word' id='word_1_340' title='bbox 902 4339 1057 4412; x_wconf 88' lang='lat' dir='ltr'><strong>prodirent.</strong></span> <span class='ocrx_word' id='word_1_341' title='bbox 1102 4337 1177 4398; x_wconf 80' lang='lat' dir='ltr'><strong>&#39;Pam</strong></span> <span class='ocrx_word' id='word_1_342' title='bbox 1198 4335 1366 4396; x_wconf 87' lang='lat' dir='ltr'><strong>incredibile</strong></span> <span class='ocrx_word' id='word_1_343' title='bbox 1388 4335 1460 4413; x_wconf 90' lang='lat' dir='ltr'><strong>hoc,</strong></span> <span class='ocrx_word' id='word_1_344' title='bbox 1489 4355 1524 4397; x_wconf 86' lang='lat' dir='ltr'><strong>ac</strong></span> <span class='ocrx_word' id='word_1_345' title='bbox 1552 4345 1705 4413; x_wconf 90' lang='lat' dir='ltr'><strong>tantopere</strong></span> <span class='ocrx_word' id='word_1_346' title='bbox 1731 4355 1750 4396; x_wconf 88' lang='lat' dir='ltr'><strong>a</strong></span> <span class='ocrx_word' id='word_1_347' title='bbox 1778 4343 1937 4396; x_wconf 87' lang='lat' dir='ltr'><strong>ceterorum</strong></span> <span class='ocrx_word' id='word_1_348' title='bbox 1960 4341 2085 4414; x_wconf 89' lang='lat' dir='ltr'><strong>scripto-</strong></span> 
     </span>
     <span class='ocr_line' id='line_1_31' title="bbox 507 4446 2085 4528; baseline 0.003 -24"><span class='ocrx_word' id='word_1_349' title='bbox 507 4461 571 4504; x_wconf 90' lang='lat' dir='ltr'><strong>rum</strong></span> <span class='ocrx_word' id='word_1_350' title='bbox 595 4452 779 4525; x_wconf 89' lang='lat' dir='ltr'><strong>antiquorum</strong></span> <span class='ocrx_word' id='word_1_351' title='bbox 799 4447 970 4506; x_wconf 87' lang='lat' dir='ltr'><strong>condicione</strong></span> <span class='ocrx_word' id='word_1_352' title='bbox 990 4446 1157 4528; x_wconf 87' lang='lat' dir='ltr'><strong>abhorrens,</strong></span> <span class='ocrx_word' id='word_1_353' title='bbox 1176 4456 1209 4508; x_wconf 89' lang='lat' dir='ltr'><strong>ut</strong></span> <span class='ocrx_word' id='word_1_354' title='bbox 1230 4453 1289 4506; x_wconf 90' lang='lat' dir='ltr'><strong>iam</strong></span> <span class='ocrx_word' id='word_1_355' title='bbox 1312 4447 1368 4507; x_wconf 90' lang='lat' dir='ltr'><strong>bac</strong></span> <span class='ocrx_word' id='word_1_356' title='bbox 1390 4448 1452 4508; x_wconf 89' lang='lat' dir='ltr'><strong>sola</strong></span> <span class='ocrx_word' id='word_1_357' title='bbox 1474 4453 1656 4525; x_wconf 87' lang='lat' dir='ltr'><strong>cogitatione</strong></span> <span class='ocrx_word' id='word_1_358' title='bbox 1672 4447 1808 4509; x_wconf 89' lang='lat' dir='ltr'><strong>deterreri</strong></span> <span class='ocrx_word' id='word_1_359' title='bbox 1828 4447 1987 4522; x_wconf 89' lang='lat' dir='ltr'><strong>debuisset,</strong></span> <span class='ocrx_word' id='word_1_360' title='bbox 2010 4465 2085 4525; x_wconf 92' lang='lat' dir='ltr'><strong>quo·</strong></span> 
     </span>
     <span class='ocr_line' id='line_1_32' title="bbox 506 4560 2084 4638; baseline 0.003 -23"><span class='ocrx_word' id='word_1_361' title='bbox 506 4561 603 4616; x_wconf 84' lang='lat' dir='ltr'><strong>minus</strong></span> <span class='ocrx_word' id='word_1_362' title='bbox 624 4577 734 4620; x_wconf 83' lang='lat' dir='ltr'><strong>novum</strong></span> <span class='ocrx_word' id='word_1_363' title='bbox 754 4562 907 4618; x_wconf 86' lang='lat' dir='ltr'><strong>inventum</strong></span> <span class='ocrx_word' id='word_1_364' title='bbox 930 4575 1015 4616; x_wconf 90' lang='lat' dir='ltr'><strong>suum</strong></span> <span class='ocrx_word' id='word_1_365' title='bbox 1038 4567 1096 4619; x_wconf 71' lang='lat' dir='ltr'><strong>mm</strong></span> <span class='ocrx_word' id='word_1_366' title='bbox 1120 4560 1298 4620; x_wconf 88' lang='lat' dir='ltr'><strong>confidenter</strong></span> <span class='ocrx_word' id='word_1_367' title='bbox 1321 4567 1459 4636; x_wconf 89' lang='lat' dir='ltr'><strong>tantaque</strong></span> <span class='ocrx_word' id='word_1_368' title='bbox 1482 4563 1642 4638; x_wconf 89' lang='lat' dir='ltr'><strong>pertinacia</strong></span> <span class='ocrx_word' id='word_1_369' title='bbox 1665 4568 1895 4636; x_wconf 91' lang='lat' dir='ltr'><strong>persequeretur.</strong></span> <span class='ocrx_word' id='word_1_370' title='bbox 1943 4561 2084 4620; x_wconf 87' lang='lat' dir='ltr'><strong>Maiorem</strong></span> 
     </span>
     <span class='ocr_line' id='line_1_33' title="bbox 508 4667 2085 4746; baseline 0.003 -20"><span class='ocrx_word' id='word_1_371' title='bbox 508 4667 721 4732; x_wconf 89' lang='lat' dir='ltr'><strong>dubitationem</strong></span> <span class='ocrx_word' id='word_1_372' title='bbox 751 4670 786 4728; x_wconf 92' lang='lat' dir='ltr'><strong>de</strong></span> <span class='ocrx_word' id='word_1_373' title='bbox 816 4675 940 4730; x_wconf 84' lang='lat' dir='ltr'><strong>veritate</strong></span> <span class='ocrx_word' id='word_1_374' title='bbox 969 4673 1166 4746; x_wconf 88' lang='lat' dir='ltr'><strong>suspicionum</strong></span> <span class='ocrx_word' id='word_1_375' title='bbox 1198 4689 1317 4732; x_wconf 89' lang='lat' dir='ltr'><strong>suarum</strong></span> <span class='ocrx_word' id='word_1_376' title='bbox 1345 4671 1447 4731; x_wconf 79' lang='lat' dir='ltr'><strong>afferre</strong></span> <span class='ocrx_word' id='word_1_377' title='bbox 1477 4679 1504 4732; x_wconf 90' lang='lat' dir='ltr'><strong>ei</strong></span> <span class='ocrx_word' id='word_1_378' title='bbox 1533 4673 1661 4733; x_wconf 89' lang='lat' dir='ltr'><strong>debebat</strong></span> <span class='ocrx_word' id='word_1_379' title='bbox 1689 4675 1800 4731; x_wconf 89' lang='lat' dir='ltr'><strong>incerta</strong></span> <span class='ocrx_word' id='word_1_380' title='bbox 1830 4673 1918 4730; x_wconf 88' lang='lat' dir='ltr'><strong>nimis</strong></span> <span class='ocrx_word' id='word_1_381' title='bbox 1946 4679 1976 4731; x_wconf 90' lang='lat' dir='ltr'><strong>ct</strong></span> <span class='ocrx_word' id='word_1_382' title='bbox 2005 4675 2085 4731; x_wconf 89' lang='lat' dir='ltr'><strong>omni</strong></span> 
     </span>
     <span class='ocr_line' id='line_1_34' title="bbox 507 4779 2084 4861; baseline 0.003 -23"><span class='ocrx_word' id='word_1_383' title='bbox 507 4779 698 4842; x_wconf 79' lang='lat' dir='ltr'><strong>fundamento</strong></span> <span class='ocrx_word' id='word_1_384' title='bbox 720 4781 858 4842; x_wconf 87' lang='lat' dir='ltr'><strong>destituta</strong></span> <span class='ocrx_word' id='word_1_385' title='bbox 878 4785 971 4859; x_wconf 88' lang='lat' dir='ltr'><strong>ratio,</strong></span> <span class='ocrx_word' id='word_1_386' title='bbox 993 4799 1051 4858; x_wconf 89' lang='lat' dir='ltr'><strong>qua</strong></span> <span class='ocrx_word' id='word_1_387' title='bbox 1072 4786 1225 4860; x_wconf 88' lang='lat' dir='ltr'><strong>probatum</strong></span> <span class='ocrx_word' id='word_1_388' title='bbox 1247 4788 1318 4860; x_wconf 87' lang='lat' dir='ltr'><strong>ivit,</strong></span> <span class='ocrx_word' id='word_1_389' title='bbox 1342 4785 1443 4861; x_wconf 90' lang='lat' dir='ltr'><strong>multa,</strong></span> <span class='ocrx_word' id='word_1_390' title='bbox 1466 4801 1540 4860; x_wconf 89' lang='lat' dir='ltr'><strong>quae</strong></span> <span class='ocrx_word' id='word_1_391' title='bbox 1562 4787 1592 4842; x_wconf 91' lang='lat' dir='ltr'><strong>in</strong></span> <span class='ocrx_word' id='word_1_392' title='bbox 1615 4781 1753 4860; x_wconf 81' lang='lat' dir='ltr'><strong>Agricola</strong></span> <span class='ocrx_word' id='word_1_393' title='bbox 1773 4782 1919 4858; x_wconf 87' lang='lat' dir='ltr'><strong>leguntur,</strong></span> <span class='ocrx_word' id='word_1_394' title='bbox 1941 4799 2001 4842; x_wconf 91' lang='lat' dir='ltr'><strong>non</strong></span> <span class='ocrx_word' id='word_1_395' title='bbox 2023 4781 2084 4842; x_wconf 76' lang='lat' dir='ltr'><strong>&#39;la-</strong></span> 
     </span>
     <span class='ocr_line' id='line_1_35' title="bbox 507 4893 2081 4973; baseline 0.003 -23"><span class='ocrx_word' id='word_1_396' title='bbox 507 4895 558 4950; x_wconf 91' lang='lat' dir='ltr'><strong>eiti</strong></span> <span class='ocrx_word' id='word_1_397' title='bbox 577 4893 629 4949; x_wconf 87' lang='lat' dir='ltr'><strong>sed</strong></span> <span class='ocrx_word' id='word_1_398' title='bbox 650 4894 865 4969; x_wconf 87' lang='lat' dir='ltr'><strong>interpolatoris</strong></span> <span class='ocrx_word' id='word_1_399' title='bbox 892 4909 965 4955; x_wconf 88' lang='lat' dir='ltr'><strong>esse.</strong></span> <span class='ocrx_word' id='word_1_400' title='bbox 1007 4895 1084 4956; x_wconf 81' lang='lat' dir='ltr'><strong>llam</strong></span> <span class='ocrx_word' id='word_1_401' title='bbox 1115 4913 1204 4972; x_wconf 91' lang='lat' dir='ltr'><strong>quum</strong></span> <span class='ocrx_word' id='word_1_402' title='bbox 1234 4893 1414 4972; x_wconf 85' lang='lat' dir='ltr'><strong>glossemata</strong></span> <span class='ocrx_word' id='word_1_403' title='bbox 1435 4897 1606 4973; x_wconf 84' lang='lat' dir='ltr'><strong>plerumque</strong></span> <span class='ocrx_word' id='word_1_404' title='bbox 1633 4896 1683 4956; x_wconf 84' lang='lat' dir='ltr'><strong>vel</strong></span> <span class='ocrx_word' id='word_1_405' title='bbox 1706 4893 1839 4954; x_wconf 84' lang='lat' dir='ltr'><strong>codicum</strong></span> <span class='ocrx_word' id='word_1_406' title='bbox 1868 4895 1944 4954; x_wconf 88' lang='lat' dir='ltr'><strong>inter</strong></span> <span class='ocrx_word' id='word_1_407' title='bbox 1964 4911 1998 4954; x_wconf 88' lang='lat' dir='ltr'><strong>sa</strong></span> <span class='ocrx_word' id='word_1_408' title='bbox 2019 4893 2081 4955; x_wconf 89' lang='lat' dir='ltr'><strong>dis-</strong></span> 
     </span>
     <span class='ocr_line' id='line_1_36' title="bbox 509 5001 2083 5085; baseline 0.002 -24"><span class='ocrx_word' id='word_1_409' title='bbox 509 5005 656 5078; x_wconf 87' lang='lat' dir='ltr'><strong>crepantia</strong></span> <span class='ocrx_word' id='word_1_410' title='bbox 677 5003 725 5064; x_wconf 84' lang='lat' dir='ltr'><strong>rel</strong></span> <span class='ocrx_word' id='word_1_411' title='bbox 747 5009 1002 5082; x_wconf 86' lang='lat' dir='ltr'><strong>grammaticorum</strong></span> <span class='ocrx_word' id='word_1_412' title='bbox 1022 5011 1195 5069; x_wconf 88' lang='lat' dir='ltr'><strong>testimoniis</strong></span> <span class='ocrx_word' id='word_1_413' title='bbox 1218 5020 1285 5068; x_wconf 90' lang='lat' dir='ltr'><strong>cum</strong></span> <span class='ocrx_word' id='word_1_414' title='bbox 1314 5007 1452 5068; x_wconf 88' lang='lat' dir='ltr'><strong>librorum</strong></span> <span class='ocrx_word' id='word_1_415' title='bbox 1476 5014 1619 5085; x_wconf 86' lang='lat' dir='ltr'><strong>scriptura</strong></span> <span class='ocrx_word' id='word_1_416' title='bbox 1640 5001 1873 5067; x_wconf 84' lang='lat' dir='ltr'><strong>discordantibus</strong></span> <span class='ocrx_word' id='word_1_417' title='bbox 1898 5019 2083 5084; x_wconf 86' lang='lat' dir='ltr'><strong>cognoscan-</strong></span> 
     </span>
    </p>
   </div>
   <div class='ocr_carea' id='block_1_5' title="bbox 0 0 2392 6210">
    <p class='ocr_par' dir='ltr' id='par_1_7' title="bbox 0 0 2392 6210">
     <span class='ocr_line' id='line_1_37' title="bbox 0 0 2392 6210; baseline 0 1"><span class='ocrx_word' id='word_1_418' title='bbox 0 0 2392 6210; x_wconf 95' lang='lat' dir='ltr'><strong> </strong></span> 
     </span>
    </p>
   </div>
  </div>
 </body>
</html>
