4754 6208
1046 1025 1070 1100 9

957 1131 1160 1144 n-——n-—c---Q

274 1248 394 1322 ignoro;
427 1239 489 1301 aeti*
505 1245 608 1318 neone
630 1239 736 1302 laicam
758 1257 825 1304 erro
846 1245 911 1303 etur
933 1245 1101 1318 opinionem
1122 1241 1241 1301 minime
1262 1237 1393 1300 dubium.
1442 1237 1477 1298 In
1501 1221 1741 1300 antecedentibus
1763 1241 1840 1300 enlm

277 1369 364 1432 quum
387 1352 508 1414 dirimat
529 1351 652 1414 'l'aoltuc
674 1371 734 1432 qua
754 1355 889 1431 rapientia
912 1361 942 1414 at
961 1355 1081 1431 peritia,
1109 1369 1184 1430 quac
1206 1355 1316 1430 ingenii
1338 1360 1422 1430 aunt,
1448 1367 1521 1410 naua
1541 1351 1627 1412 luerit
1650 1351 1790 1429 Agfioola
1809 1355 1840 1412 iu

274 1465 494 1544 benedictione,
524 1467 583 1526 iam
606 1463 704 1542 adiit,
733 1479 792 1542 quo
821 1468 912 1524 caino
934 1465 1022 1526 luerit
1043 1471 1106 1524 tum
1127 1469 1158 1524 in
1180 1466 1307 1542 negotiis
1330 1471 1391 1524 tum
1411 1467 1439 1524 iu
1460 1461 1697 1541 remiraionibne3
1728 1461 1767 1522 ad
1789 1461 1842 1524 llla

274 1583 371 1639 autem
393 1581 646 1653 enumerarentur
669 1585 699 1638 et
720 1575 825 1634 iubr'n'u
847 1577 896 1636 vel
917 1578 1043 1636 maxime
1065 1578 1258 1655 pertinerent,
1286 1575 1441 1638 nunidem
1464 1573 1511 1634 bio
1531 1574 1603 1634 dixit
1623 1574 1759 1653 Tacitus,
1788 1573 1842 1635 reri

246 1669 396 1752 ''brandem
417 1705 480 1750 rem
502 1687 541 1750 ab
561 1688 621 1750 clia
642 1695 725 1765 parta
746 1687 951 1750 comldorarit
996 1686 1096 1764 Quum
1118 1695 1216 1750 autem
1236 1685 1391 1765 Agricolae
1411 1684 1511 1746 tribuit
1528 1690 1657 1748 animum
1670 1688 1700 1744 in
1715 1689 1842 1763 negotiia

276 1801 575 1878 obeunrilegrarem,
598 1805 760 1877 intentum,
784 1814 937 1876 neaemm,
959 1801 1079 1860 minime
1103 1815 1168 1860 cum
1191 1817 1266 1860 cana
1287 1801 1395 1860 ratione
1415 1807 1530 1874 pugnat
1550 1798 1657 1860 addere
1677 1801 1843 1858 emtum

274 1913 350 1972 r’liora
372 1911 554 1972 mirericorrir'a
569 1911 866 1991 firrreremperarom
892 1927 961 1972 nam
982 1917 1016 1971 ut
1036 1911 1250 1972 extra'iudioia
1271 1918 1301 1972 ct
1322 1909 1482 1972 officiorum
1504 1925 1602 1971 curam
1626 1908 1866 1970 misericordiae.

274 2023 357 2087 loona
375 2041 435 2084 nou
457 2025 528 2100 luit,
556 2026 599 2084 iia
620 2027 651 2084 in
670 2025 744 2100 ipnla
764 2021 897 2098 lutilolia,
914 2023 984 2082 nial
1005 2037 1052 2084 rer
1075 2023 1168 2099 primo
1191 2023 1231 2086 cd
1250 2022 1346 2100 legum
1373 1997 1559 2084 severitatem
1583 2027 1704 2105 exactae
1734 2027 1841 2098 errent,

275 2135 473 2198 misericordia
498 2138 630 2196 exerceri
657 2151 719 2196 non
747 2137 853 2210 potura
908 2131 1003 2211 Igitur
1031 2151 1092 2194 non
1119 2134 1220 2198 eciem
1246 2135 1406 2196 oentootlae
1435 2135 1546 2196 aaultaa
1570 2131 1662 2194 narba
1690 2149 1710 2192 a
1735 2133 1842 2196 chio

169 2269 172 2280 ·
275 2251 369 2312 electa
390 2255 457 2308 tnta
478 2255 624 2325 praeolat,
655 2246 709 2308 noti
739 2250 806 2323 ipra
833 2245 949 2308 riloeudi
970 2246 1063 2306 iorma
1083 2245 1180 2307 Taciti
1203 2263 1239 2307 ea
1260 2263 1323 2308 aare
1345 2247 1472 2322 evincit,
1500 2247 1549 2322 qni
1571 2242 1729 2321 aliquoties
1749 2263 1844 2306 enun-

279 2365 387 2422 cietum
418 2359 554 2436 aliquoti-
568 2359 628 2420 allo
656 2361 828 2436 enooctrto,
858 2374 917 2436 quo
939 2373 986 2420 rea
1006 2359 1107 2435 aliqua
1128 2361 1239 2436 sceptro
1256 2361 1332 2428 iacta
1354 2356 1474 2436 dicitnr,
1500 2357 1652 2436 mtuugit3
1682 2359 1719 2418 ci.
1742 2375 1768 2420 o.
1794 2359 1858 2420 ltl.'

276 2466 360 2552 „lice
379 2487 478 2548 poena
499 2485 631 2548 comper,
660 2469 714 2531 aeri
742 2471 849 2548 reeprbr
875 2473 1057 2548 poenitentia
1081 2475 1238 2532 coutantur
1268 2460 1361 2526 orae.“
1394 2483 1419 2526 o.
1442 2469 1493 2530 18.
1539 2467 1726 2547 „Aliquando
1747 2471 1844 2550 iraugl

275 2591 397 2662 arpeotn
418 2583 572 2660 pignorum
593 2597 723 2660 tuorum,
744 2585 853 2661 raepiar
873 2579 1042 2644 concltmi.“
1691 2604 1693 2612 ’

427 2694 520 2756 Paulo
541 2697 652 2756 maiore
673 2691 937 2756 reummilitudlnin
959 2697 1060 2772 rpeoia
1077 2692 1203 2754 chiua
1223 2691 1356 2767 Proiegg.
1378 2707 1411 2768 p.
1438 2691 1511 2753 ior.
1535 2709 1604 2769 eqq.
1632 2691 1723 2754 vileri
1745 2703 1846 2772 potari

272 2807 373 2885 umba,
396 2823 473 2884 quae
492 2809 593 2868 cutim
614 2812 784 2884 aequantur,
806 2809 946 2864 triatr'tr'ara
967 2811 993 2864 et
1014 2807 1204 2882 crrogmria‘nrrr
1224 2807 1246 2862 ri
1266 2804 1412 2862 mrbim
1429 2807 1575 2881 eruerot“,
1597 2821 1650 2882 pro
1673 2805 1848 2868 ioeoirrtmo·

274 2921 454 2998 giorrenate
483 2917 608 2995 babere,
638 2922 669 2980 lu
698 2935 759 2996 qua
784 2921 931 2980 ornantia
951 2919 1010 2978 lam
1031 2917 1250 2994 Peerlkampicn
1270 2917 1334 2976 luit
1377 2913 1424 2974 lta
1445 2915 1488 2976 illl
1512 2925 1765 2995 argumentantur:
1792 2921 1846 2996 qul

275 3033 350 3090 erait
370 3045 443 3104 rem,
466 3016 530 3092 eom
552 3039 640 3093 autea
659 3031 771 3102 inbuit,-
793 3047 884 3108 quare
903 3029 1084 3108 rlAgricola
1097 3031 1238 3091 cicurum
1261 3036 1292 3088 et
1313 3030 1509 3104 arrogantiam
1531 3035 1562 3092 ei
1577 3033 1739 3092 avaritiam·
1752 3035 1861 3111 exuit,··

276 3157 397 3203 neccaro
426 3147 472 3202 ent
500 3141 547 3202 lrir
576 3147 658 3206 vitiis
685 3141 755 3202 oltru
777 3139 973 3220 laboraverit,
1003 3141 1034 3202 id
1065 3140 1143 3219 quoti
1164 3139 1284 3202 iacitur
1311 3137 1408 3200 dicero
1427 3134 1532 3200 noluit.
1576 3141 1673 3218 Quare
1696 3159 1732 3204 cr
1752 3147 1845 3206 inier-

274 3251 424 3330 poiatlone
443 3255 474 3312 ln
494 3257 606 3312 textum
626 3251 711 3314 illata
733 3259 810 3316 rant.
860 3253 945 3331 Quae
966 3252 1035 3316 licet
1055 3257 1187 3331 opaciore
1208 3249 1288 3312 diota
1308 3253 1384 3327 olnt,
1413 3257 1513 3314 umen
1539 3251 1617 3314 talea
1644 3273 1711 3320 erra
1738 3271 1844 3318 conca-

275 3363 360 3441 dcut,
396 3367 446 3440 qul
466 3363 562 3423 Taciti
584 3364 702 3426 dicendi
721 3381 834 3427 moram
856 3381 974 3444 protono
994 3366 1168 3442 peculiarem
1196 3369 1384 3440 perspectum
1412 3363 1537 3438 babent,
1569 3369 1678 3445 quippe
1706 3371 1758 3444 qui
1784 3384 1844 3428 uon

276 3474 372 3536 rolurn
391 3477 421 3534 in
442 3475 583 3535 naneiato
605 3478 761 3538 verborum
780 3491 839 3537 unu
855 3477 942 3555 longe
964 3495 1054 3555 cupra
1073 3481 1200 3556 priorum
1212 3473 1454 3535 consuetudinem
1467 3476 1660 3557 progreditur,
1682 3478 1736 3540 aeri
1754 3481 1865 3540 retiam¹

275 3587 365 3648 nimio
384 3587 538 3648 brevitatis
560 3587 662 3650 orooro
679 3604 741 3650 aaa,
753 3593 905 3666 notiones,
936 3605 1012 3666 quae
1032 3593 1064 3650 vi
1085 3587 1213 3652 attributi
1233 3585 1272 3646 atl
1294 3586 1481 3650 aobruntrva
1502 3587 1667 3651 deficientia
1686 3595 1844 3670 pertinent,

276 3701 401 3777 omittat,
425 3707 466 3778 nt,
490 3701 625 3777 qaoilla
647 3699 800 3762 reserenda
817 3705 886 3780 rint,
907 3709 1065 3780 cuiquem
1086 3712 1201 3762 aeneum
1223 3697 1362 3780 babeant,
1383 3715 1444 3762 non
1467 3717 1504 3762 cr
1517 3703 1590 3779 ipria
1606 3709 1716 3783 pateat,
1739 3703 1792 3768 reri
1807 3721 1854 3766 cx*

275 3827 354 3873 nexu
375 3815 584 3873 sententiarum
603 3812 764 3874 eruendum
785 3817 832 3873 rit
876 3813 912 3874 Iu
934 3828 993 3892 quo
1014 3815 1166 3874 conrtrloto
1188 3809 1306 3872 riicenrli
1328 3829 1435 3888 genere
1457 3831 1557 3890 quum·
1570 3815 1758 3878 rolmarinre
1780 3821 1867 3879 cer-⁸

275 3927 361 3984 natur
383 3922 532 3984 celebrata
551 3923 605 3984 iiia
626 3924 723 3985 Taciti
744 3923 908 3987 obrcurliae
931 3936 962 3988 et
981 3925 1144 4000 dlliloultao,
1167 3925 1271 3983 mbnm
1291 3941 1352 3985 non
1373 3933 1419 3986 eat
1439 3941 1529 4004 caepa
1551 3944 1617 3988 mm
1637 3929 1845 4007 interpretibus

277 4035 372 4096 incurii
393 4037 503 4113 iniere,
532 4043 565 4096 ut
589 4039 699 4098 viliora
726 4043 881 4115 putarent,
902 4045 985 4114 'quae
1007 4039 1159 4098 ominatur
1179 4042 1257 4098 aunt
1300 4035 1348 4098 lta
1377 4055 1471 4096 exuere
1498 4037 1527 4099 b.
1549 4037 1569 4100 i
1592 4037 1696 4103 Tacito
1725 4045 1845 4106 minima

277 4153 323 4210 ert
345 4147 485 4225 deponere,
507 4147 579 4226 paci
600 4152 660 4226 prtia
681 4153 762 4208 notro
781 4149 896 4220 babattr
923 4147 976 4210 aed
998 4153 1133 4226 quonlam
1155 4165 1206 4224 ea,
1234 4165 1312 4226 quae
1339 4153 1404 4227 quia
1425 4153 1501 4208 eruit
1522 4150 1640 4231 (pert),
1670 4153 1708 4212 ab
1738 4169 1773 4213 eo
1798 4169 1843 4213 rc-

276 4267 357 4320 mote
378 4265 457 4334 anni,
479 4262 584 4316 emine
604 4267 666 4320 rem
687 4259 820 4323 liberiore
838 4260 925 4322 motio
946 4258 1019 4320 dicit
1036 4272 1112 4336 curn,
1136 4264 1187 4336 qui
1209 4277 1240 4318 ro
1258 4268 1348 4339 meat,
1373 4279 1497 4338 eamque
1517 4265 1547 4322 in
1570 4282 1603 4326 re
1626 4281 1692 4326 eree
1714 4281 1773 4326 uon
1791 4281 1845 4342 pa·

278 4374 364 4449 titur,
396 4369 476 4448 ottob
504 4375 671 4445 germanice
701 4377 747 4432 cot
771 4377 852 4432 duca
875 4373 934 4443 fera
955 4389 1004 4430 aaa
1024 4369 1081 4429 rici
1102 4371 1210 4442 baltea,
1241 4371 1298 4430 rici
1328 4391 1377 4430 corr
1398 4379 1480 4431 anor
1492 4374 1554 4452 srer'
1571 4373 1670 4436 balteo.
1719 4373 1846 4436 inritae

278 4489 378 4544 antem
396 4486 613 4558 eocrrognrrito
634 4489 664 4544 ot
684 4485 804 4544 mitia
822 4501 883 4547 nou
902 4481 1054 4560 Agricolae
1079 4489 1165 4562 runt,
1197 4483 1251 4544 ocri
1282 4483 1374 4545 aoiita
1396 4489 1620 4562 magistratuum
1649 4491 1739 4561 vitia,
1769 4505 1846 4566 quac

278 4593 322 4654 ilii
345 4591 434 4671 vulgo
455 4596 485 4654 in
506 4598 686 4672 provinciam
709 4595 878 4658 afferebant.
928 4595 957 4656 A
979 4594 1086 4673 quibus
1108 4613 1197 4674 qnum
1221 4595 1360 4672 Agricola
1379 4605 1485 4660 uetura
1503 4605 1533 4659 rt
1554 4599 1684 4662 moribua
1705 4599 1846 4663 abborre-

279 4713 343 4784 toi,
369 4715 468 4782 coque
487 4709 564 4765 rr'rrc
584 4707 669 4766 t'ilr'r
687 4711 811 4782 ot'ir'r'r,
840 4724 908 4788 quoe
928 4706 1045 4766 manibrio
1059 4708 1121 4787 fere
1137 4707 1308 4787 praesidibus
1332 4707 1531 4786 adlambunt,
1559 4715 1593 4772 tr
1618 4717 1845 4792 prouinciam

279 4820 454 4890 orarent,
483 4832 555 4880 abiro
580 4834 639 4882 iioii
667 4823 899 4897 cantabrica,
926 4818 1005 4899 quoti
1026 4821 1117 4897 probe
1138 4819 1312 4899 tenentium,
1342 4821 1397 4883 aeti
1416 4829 1586 4896 erueret,
1607 4825 1626 4884 i.
1648 4841 1675 4885 e.
1697 4823 1785 4904 plane
1806 4827 1845 4889 ilii

279 4927 414 4990 tambac
459 4929 534 4991 'l'um
561 4931 653 5009 plena
680 4931 769 5014 baec,
799 4932 872 4994 nibli
899 4941 931 4994 ut
957 4937 1053 5010 poerit
1081 4949 1147 4996 enee
1174 4933 1303 5011 planior.
1346 4933 1406 4996 cri
1437 4935 1607 5012 obloquitur
1633 4935 1756 5000 Waxiur
1784 4946 1867 5001 non'

278 5043 668 5122 conparariAgricoiam
689 5060 759 5106 conr
778 5045 843 5108 aitte
865 5043 1062 5124 prteoidibor3
1083 5046 1223 5124 explicari
1244 5053 1360 5109 tanturn
1381 5047 1476 5125 qualia
1496 5049 1562 5126 ipre
1579 5049 1668 5112 tuerit
1687 5054 1718 5112 iu
1738 5049 1845 5132 elicio,
