4754 6208
1283 1027 1335 1104 dd

524 1257 598 1318 329.
621 1257 674 1337 v1,
698 1261 783 1338 46.),
814 1275 874 1321 nou
897 1277 1002 1322 curans
1025 1261 1105 1321 aliud
1128 1277 1194 1322 esse
1215 1268 1325 1332 natare,
1353 1261 1434 1323 ebed
1455 1263 1599 1338 λελοίπει,
1628 1266 1722 1328 videri
1741 1287 1809 1331 eum
1836 1275 1919 1334 unice
1941 1285 2097 1351 propterea

525 1369 715 1432 coniectando
736 1371 909 1447 indulsisse,
940 1380 972 1432 ut
994 1378 1109 1449 copiam
1141 1373 1263 1435 baberet
1284 1378 1315 1434 iu
1337 1379 1438 1436 critica
1468 1375 1632 1438 exercenda
1653 1377 1880 1458 dittographtuu
1902 1385 1933 1442 ln
1954 1386 2095 1448 auxilium
2140 1353 2143 1359 Ι

523 1497 637 1543 vocare.
682 1481 740 1544 Sed
764 1499 815 1558 eo,
837 1485 917 1560 qued
939 1489 1034 1562 pontit
1056 1485 1133 1561 fleri,
1157 1495 1189 1546 nt
1208 1485 1313 1563 pellere
1334 1487 1424 1544 eribus
1447 1499 1677 1564 corrumperetur
1698 1494 1727 1550 in
1746 1493 1916 1570 pedoribus,
1944 1513 2093 1574 nunqnam

521 1594 691 1671 probabitur
714 1615 744 1656 re
765 1613 837 1656 vera
859 1595 889 1656 id
912 1597 1020 1656 iactum
1043 1615 1117 1658 csse.

609 1709 722 1783 Agmeu
747 1709 865 1768 claudat
886 1711 969 1768 locus
994 1707 1123 1769 meadum
1146 1725 1171 1768 c
1196 1707 1248 1766 db.
1272 1709 1418 1767 tenerrimi
1442 1708 1565 1770 allectus
1587 1711 1708 1786 plenus,
1738 1731 1796 1789 quo
1821 1713 1941 1778 Tacitus
1964 1735 2093 1798 conque·

519 1823 590 1880 riter
611 1823 676 1896 ipso
700 1831 730 1880 et
748 1839 839 1881 uxore
863 1821 1037 1883 absentibus
1058 1831 1206 1880 mortuum
1228 1835 1293 1879 esse
1315 1819 1492 1896 Agricolam.
1540 1819 1619 1896 „Sed
1642 1821 1711 1882 mibi
1734 1825 1869 1901 filiaeque
1891 1833 1953 1890 eius
1975 1843 2093 1908 praeter

520 1931 710 1992 acerbitatem
734 1939 865 2012 parentis
888 1935 981 2011 erepti
1002 1943 1091 2010 suget
1113 1931 1303 2006 moestitiam,
1325 1930 1404 2006 qood
1427 1931 1556 1992 assidere
1579 1933 1751 2012 valetudini,
1775 1939 1874 1998 lovere
1896 1939 2090 2022 deficientem,

518 2047 616 2102 satiari
643 2044 727 2105 vultu
751 2047 967 2126 complexuque
987 2061 1045 2104 uon
1069 2045 1200 2118 contigit.
1244 2043 1470 2119 Excepissemus
1492 2055 1570 2104 certe
1593 2047 1731 2107 mandata
1750 2065 1911 2128 vocesque,
1939 2071 2014 2129 quas
2035 2073 2089 2132 pe—

517 2155 596 2215 nitus
617 2161 713 2215 anime
735 2157 900 2233 ligeremus.
946 2157 1052 2217 Noster
1081 2154 1129 2215 lsie
1160 2153 1259 2230 dolor,
1290 2163 1419 2214 eoseum
1451 2157 1573 2233 vulnus3
1602 2159 1687 2218 nobie
1718 2167 1777 2219 taus
1809 2162 1915 2238 longae
1935 2165 2086 2228 absentiae

516 2267 687 2329 condicione
716 2276 778 2326 aeta
805 2271 1010 2347 patarensium
1039 2269 1163 2327 arebam
1189 2265 1264 2327 est“
1309 2265 1369 2326 Hic
1399 2283 1518 2344 quoque
1541 2267 1681 2348 Wexins,
1711 2287 1800 2347 qnam
1822 2283 1972 2350 postrema
1995 2281 2086 2339 uerba

516 2389 545 2440 et
567 2383 728 2456 scripturae
757 2391 787 2442 et
818 2384 981 2443 sententiae
1004 2379 1207 2440 difficultatem
1235 2375 1360 2452 habeut,
1390 2387 1449 2437 tam
1478 2396 1580 2456 pamm
1610 2381 1774 2460 expedivit,
1807 2393 1839 2444 ut
1866 2387 1966 2448 multis
1992 2390 2084 2451 turbis

514 2495 647 2553 excitatis
671 2493 821 2570 (Prolegg.
844 2512 873 2570 p.
898 2493 938 2552 26
960 2499 1037 2568 sqq.)
1061 2493 1175 2551 desinat
1197 2494 1226 2548 iu
1243 2489 1341 2550 verbis
1364 2495 1426 2546 ente
1440 2491 1645 2568 quadrimatum
1666 2503 1806 2570 tanquam
1828 2497 2006 2573 glossemate
2028 2519 2082 2562 ex·

515 2601 657 2680 pellendis
675 2603 719 2680 (p.
736 2607 835 2678 ale).
881 2603 995 2663 Primus
1018 2607 1082 2663 eins
1103 2619 1181 2662 error
1201 2603 1231 2660 lu
1254 2617 1289 2662 eo
1311 2613 1454 2680 versatur,
1477 2603 1555 2678 quod
1571 2604 1661 2664 verba
1681 2605 1758 2662 nobis
1781 2637 1820 2650 -
1842 2613 1956 2667 aarum
1971 2619 2010 2670 cst
2030 2631 2082 2690 per

437 2697 441 2700 ’
513 2713 691 2792 anaphoram
715 2716 831 2777 duobus
850 2715 1093 2793 praecedentibus
1116 2707 1312 2775 membriolas
1333 2705 1545 2794 παραλλήλου
1566 2719 1663 2793 posita
1685 2733 1766 2792 esse,
1789 2735 1884 2795 eoque
1898 2739 2000 2797 parem
2016 2743 2081 2787 cnm

511 2827 570 2888 illis
591 2831 767 2889 seutentiam
789 2827 898 2889 bebere
921 2827 1001 2888 dicit.
1046 2827 1113 2888 Nou
1135 2827 1211 2887 vidit
1233 2829 1309 2887 euim
1332 2829 1374 2884 ite
1395 2825 1533 2901 progredi
1553 2827 1646 2888 Taciti
1670 2833 1894 2918 cogitationem,
1917 2845 1965 2912 ut,
1988 2853 2080 2915 quum

510 2945 635 3016 pumera
657 2943 686 2999 iu
708 2945 876 3000 universnm
903 2939 1097 3015 significasset
1116 2939 1292 3000 moestitiam
1315 2937 1370 2997 sibi
1393 2947 1423 2997 et
1444 2941 1561 3014 coniugi
1583 2946 1739 3018 augeri,
1768 2943 1845 3018 quod
1866 2949 1999 3007 morienti
2020 2965 2079 3010 neu

509 3049 664 3126 adueriut,
687 3051 792 3113 deiude
810 3069 877 3112 enm
894 3049 1026 3112 dolorem
1040 3051 1097 3111 sibi
1115 3067 1180 3111 esse
1195 3065 1285 3127 prop
1296 3054 1392 3110 rium
1413 3050 1546 3128 adiiciat,
1563 3052 1690 3128 deniqne
1707 3059 1770 3112 eius
1786 3058 1826 3114 rei
1848 3073 2018 3120 cenetam
2032 3061 2078 3122 ai·

509 3165 584 3224 imai
606 3167 636 3222 iu
658 3165 747 3240 louge
769 3181 863 3239 eaque
883 3169 1051 3223 necessaria
1073 3162 1208 3222 absentie
1228 3163 1364 3238 positam.
1407 3161 1496 3222 Hunc
1524 3181 1632 3224 nexum
1660 3181 1718 3224 uon
1748 3169 1892 3243 partiente
1912 3174 1981 3228 earm
1999 3171 2078 3232 ludl-

509 3279 577 3351 can',
599 3277 754 3336 sententiis
773 3277 836 3335 siue
858 3279 993 3337 iunctura
1013 3279 1097 3336 iuxta
1118 3276 1242 3351 positis,
1263 3277 1409 3332 neminem
1432 3273 1578 3334 offendere
1599 3285 1714 3351 potest,
1744 3281 1794 3352 eui
1817 3281 1964 3356 cognitum
1987 3281 2077 3343 babet

507 3385 580 3448 nibil
602 3387 745 3464 asyndeta
766 3391 897 3448 oratioue
919 3386 999 3464 apud
1021 3385 1157 3448 Tacitum
1178 3401 1243 3446 esse
1266 3385 1452 3460 iraqueuuus.
1497 3385 1573 3445 Tum
1601 3389 1630 3446 m
1657 3387 1754 3448 vmbis
1781 3395 1844 3446 ants
1870 3391 2086 3468 ,ammomum

505 3500 646 3575 haerens,
679 3515 858 3576 quamquam
889 3505 967 3558 recte
997 3511 1087 3576 negat
1109 3497 1139 3556 id
1162 3513 1220 3556 uon
1243 3511 1309 3556 esse
1331 3493 1506 3572 quadriennio
1535 3503 1614 3573 unte,
1645 3515 1681 3559 co
1709 3500 1909 3561 difficultatem
1939 3519 2075 3564 amovere

505 3611 619 3689 studet,
649 3611 727 3687 quod
757 3614 882 3688 probare
910 3622 1030 3670 coeatur
1055 3609 1190 3670 Tacitum
1223 3606 1445 3684 quadriennium
1474 3615 1542 3668 aute
1572 3610 1730 3684 Agricolae
1757 3621 1878 3674 mortem
1900 3629 1998 3692 neque
2019 3615 2073 3676 ab·

505 3727 596 3786 fuisse
624 3737 719 3797 neque
748 3725 854 3783 abesse
885 3727 1025 3798 potuisse.
1072 3721 1156 3780 Eiiici
1183 3721 1214 3779 id
1242 3729 1327 3797 putat
1356 3719 1452 3778 verbis
1482 3737 1505 3779 c.
1529 3723 1579 3781 44.
1627 3719 1737 3798 ,Sicuti
1767 3741 1893 3800 magnae
1920 3725 2071 3786 cuiusdam

504 3835 651 3898 felicitatis
674 3845 753 3896 esset
775 3867 815 3878 -
838 3837 997 3912 principem
1019 3831 1176 3893 Traianum
1203 3831 1321 3909 videre,
1351 3831 1431 3906 quod
1453 3837 1576 3908 augurio
1605 3837 1741 3909 retiaque
1768 3835 1844 3913 apud
1867 3843 1971 3895 murm
1991 3855 2071 3896 curer

504 3947 719 4009 eminebatur.“
764 3947 809 4008 lta
837 3951 913 4008 euim
941 3963 1061 4007 necesse
1087 3961 1171 4022 csse,
1200 3951 1233 4005 ut
1260 3947 1319 4002 mm
1346 3947 1421 4004 ante'
1444 3943 1663 4018 quadriennium
1690 3945 1763 4006 illud
1786 3942 1926 4024 Agricola
1950 3947 2070 4010 Traiani

503 4078 649 4122 summum
671 4061 825 4136 imperium
847 4061 992 4119 ominatur
1014 4061 1070 4136 sit,
1101 4059 1148 4118 cni
1178 4059 1219 4117 rei
1248 4063 1412 4132 repugnent
1434 4056 1533 4115 omina
1554 4073 1572 4114 a
1597 4057 1690 4116 Dione
1711 4057 1793 4118 Cass.
1815 4057 1942 4135 LXVII,
1968 4063 2016 4121 iu.
2039 4069 2072 4122 et

502 4195 522 4236 a
542 4171 618 4234 Pliu.
648 4189 756 4252 paneg.
780 4191 805 4232 c.
829 4173 858 4232 b.
882 4171 933 4232 23.
956 4179 987 4231 et
1009 4169 1061 4231 es.
1091 4169 1128 4232 de
1151 4168 1281 4229 Traiano
1311 4175 1444 4241 narrata,
1478 4169 1587 4243 quippe
1616 4183 1692 4242 qnae
1718 4187 1808 4229 uuum
1835 4171 1923 4232 modo
1951 4181 2003 4233 aut
2030 4172 2073 4236 sd

502 4303 648 4348 summum
671 4283 743 4344 duos
764 4301 858 4343 anuos
880 4289 948 4342 aute
970 4283 1126 4358 Agricolae
1148 4287 1271 4341 mertem
1294 4279 1460 4340 laetasint
1504 4277 1564 4338 Sed
1591 4279 1663 4340 nibil
1693 4281 1750 4342 boc
1772 4285 1940 4344 testimonio
1960 4283 2069 4360 proba·

500 4407 556 4459 tur.
600 4397 659 4458 Dio
682 4399 759 4457 enim
782 4405 872 4470 atque
893 4393 1008 4454 Plinius
1028 4395 1188 4470 loquuntur
1210 4392 1247 4453 de
1269 4393 1355 4452 luetis
1378 4391 1479 4468 populi
1505 4391 1765 4454 acclamationibus
1786 4409 1839 4470 pre
1860 4398 1959 4456 omine
1979 4395 2068 4457 lutum

500 4511 613 4584 imperii
636 4511 782 4585 acceptis;
807 4523 881 4582 quas
901 4507 984 4567 leves
1005 4525 1069 4584 rea,
1091 4511 1121 4566 in
1144 4505 1317 4582 plebeculae
1340 4503 1516 4566 clamoribus
1537 4508 1663 4581 positas,
1684 4507 1709 4564 si
1727 4506 1917 4566 intellexisset
1936 4505 2066 4579 Tacitus,

500 4620 571 4696 quid
598 4639 673 4696 opus
702 4633 765 4681 erat
793 4619 831 4680 ad
858 4619 1032 4696 Agricolae,
1061 4621 1226 4695 grauissimi
1255 4628 1285 4676 et
1308 4616 1525 4691 prudentissimi
1553 4619 1625 4693 viri,
1653 4620 1857 4678 auctoritatem
1887 4618 2064 4696 coningere?

499 4731 618 4794 Scilicet
638 4735 736 4806 quivis
758 4731 795 4794 de
818 4733 903 4792 trivio
924 4725 1039 4808 pote'rat
1059 4733 1101 4790 ita
1123 4731 1254 4790 ominari.
1298 4728 1439 4803 Agricola
1461 4729 1486 4786 sl
1510 4727 1705 4804 omiuabstur,
1729 4745 1788 4790 uou
1808 4729 1961 4807 spectabat
1983 4727 2065 4809 vulpi

499 4844 640 4905 clamores
658 4843 784 4904 Traiano
808 4843 995 4914 favorabiles,
1018 4841 1088 4919 sed,
1109 4857 1184 4916 quae
1206 4849 1267 4900 erut
1290 4843 1353 4900 eins
1372 4843 1596 4918 perspicacitas,
1617 4857 1654 4899 ex
1676 4842 1731 4899 viri
1754 4843 1871 4918 iugenio
1891 4858 1926 4903 ac
1947 4845 2063 4902 virenti-
2161 4881 2163 4886 ,

497 4930 572 5032 bus,
602 4973 675 5032 quas
699 4959 785 5017 ceteri
808 4956 858 5016 diu
881 4972 940 5015 nou
961 4958 1033 5015 eatis
1055 4952 1264 5023 aestimabant,
1293 4956 1350 5012 iam
1365 4953 1366 4956 ’
1381 4960 1493 5012 mature
1523 4952 1689 5014 coniciebat
1716 4954 1806 5014 talem
1834 4968 1903 5014 eum
1924 4953 2061 5032 buturum,

497 5067 592 5142 qualis
612 5077 716 5146 postea
739 5069 835 5128 lactus
857 5075 911 5146 est,
935 5067 1023 5141 idque
1045 5069 1165 5127 secretis
1183 5063 1364 5125 sermonibus
1386 5081 1453 5123 cum
1474 5081 1582 5141 genero
1604 5064 1710 5125 habitis
1731 5064 1824 5144 (epod
1843 5069 1948 5123 matres
1966 5071 2061 5141 auru)
