4754 6208
1291 986 1335 1064 ro

519 1207 630 1284 qualia,
652 1208 701 1268 ubi
724 1206 822 1267 officio
846 1204 1036 1284 innobatum.
1080 1202 1195 1282 Andior
1217 1203 1270 1266 aad
1290 1206 1348 1267 nisi
1369 1207 1400 1264 in
1420 1211 1544 1280 unoque
1565 1205 1671 1266 melina
1692 1213 1782 1282 atque
1804 1204 1962 1268 benonim
1984 1209 2087 1271 namna

518 1323 629 1398 egisset
648 1319 803 1398 Agricola,
836 1321 933 1391 inepte
955 1318 1074 1380 Tacitus
1104 1314 1221 1396 laudem
1250 1320 1277 1378 ei
1306 1315 1362 1378 bae
1383 1334 1416 1378 re
1437 1319 1651 1395 emanasset,
1682 1332 1774 1396 qnare
1795 1321 1860 1378 sine
1882 1321 1973 1382 anta
1994 1318 2085 1396 aar·

519 1430 601 1490 nolae
625 1449 689 1492 enm
712 1433 816 1492 ceteris
838 1427 1020 1506 praesidibus
1042 1431 1259 1506 comparatione
1282 1435 1361 1488 totns
1379 1426 1427 1490 hia
1448 1429 1531 1490 loeus
1553 1431 1677 1506 eogitari
1696 1431 1810 1504 nequit.
1849 1428 1940 1506 ,Quoi
1963 1429 2087 1492 warina

518 1549 616 1602 autem
653 1551 804 1620 praeterea
845 1540 927 1600 atiert
962 1540 999 1600 ad
1031 1541 1181 1618 glossema
1221 1539 1496 1618 demonstrandum,
1539 1542 1698 1614 tristitiam,
1745 1545 1953 1618 arrogatione,
1996 1545 2087 1602 aomi-

518 1656 585 1712 tiaar
619 1656 693 1714 vitia
722 1670 788 1714 essa
815 1656 921 1728 quovis
951 1651 1082 1728 praeside
1119 1653 1257 1732 indigna,
1289 1651 1405 1714 difficile
1435 1653 1515 1714 dieto
1546 1659 1607 1730 est,
1641 1667 1701 1726 qno
1727 1653 1758 1712 iri
1791 1657 1944 1730 pertineat.
1995 1653 2103 1730 Quasi,

518 1781 588 1824 varo
613 1782 665 1842 en,
695 1779 770 1839 quaa
792 1764 915 1842 indigna
934 1771 1015 1838 eunt,
1037 1773 1192 1842 propterea
1213 1783 1273 1826 non
1290 1765 1362 1826 liant
1382 1772 1434 1826 ant
1455 1764 1518 1824 lieri
1539 1781 1597 1828 nan
1617 1765 1748 1842 possint!
1793 1764 1905 1840 mmo,
1936 1768 2008 1842 qnia
2036 1766 2089 1828 illa

505 1875 640 1970 ‚indigna
661 1879 882 1954 saepissimam
902 1874 1084 1954 praesidibus
1104 1877 1338 1956 reperiebantur,
1360 1875 1435 1938 base
1458 1879 1545 1938 anina
1565 1893 1671 1940 ennaea
1692 1877 1756 1952 init,
1779 1892 1831 1938 enr
1851 1877 1974 1940 Taeitna
1995 1877 2088 1958 Apri·

519 1987 613 2050 oolam
634 2005 670 2050 ea
692 1992 833 2048 ezoius
855 1995 1104 2066 commemoraret,
1126 1999 1204 2052 rante
1226 1992 1356 2053 sentiens
1381 1996 1511 2064 quantae
1531 1987 1590 2050 bon
1608 1989 1652 2052 illi
1673 1987 1756 2050 tandi
1775 1989 1870 2050 tuerit.

674 2095 780 2162 G.10.
823 2101 945 2164 Tacitus
970 2109 1123 2176 postquam
1150 2104 1278 2164 narravit
1306 2101 1428 2162 sormam
1456 2102 1548 2163 totius
1574 2100 1746 2165 Britanniae
1773 2119 1793 2164 a
1818 2100 1905 2168 livio
1936 2109 1969 2164 nt
1984 2101 2087 2166 ,Fabio

517 2211 640 2274 Rustico
662 2211 854 2274 assimilatam
875 2229 941 2272 ease
963 2209 1106 2288 oblongae
1127 2215 1260 2278 sontnlas
1281 2213 1330 2274 vel
1353 2212 1490 2290 bipenni,
1509 2217 1551 2274 ita
1572 2215 1683 2290 pergite
1706 2222 1758 2292 „et
1779 2221 1826 2278 eat
1847 2231 1891 2276 ea¹
1904 2215 1995 2276 lanias
2013 2214 2103 2280 elba.

519 2323 727 2401 Caledoniam,
750 2323 821 2382 aab
842 2328 867 2380 st
887 2326 915 2380 r'rr
932 2326 1175 2404 salasensem
1196 2333 1235 2386 rat
1256 2327 1527 2400 transgressa.“
1570 2325 1628 2387 Pro
1650 2329 1833 2400 amputa,
1852 2339 1928 2400 qnae
1947 2323 2098 2392 Rhanani,

519 2441 689 2501 coniectura
710 2441 774 2510 est,
803 2435 834 2494 in
864 2433 928 2494 eod.
951 2423 1019 2496 Vat'.
1042 2435 1075 2498 Δ
1091 2437 1192 2515 legitur
1219 2440 1419 2513 transgressas,
1446 2439 1476 2496 in
1505 2435 1574 2500 Vat.
1602 2434 1637 2500 Γ
1657 2441 1843 2518 trangressi.
1885 2437 1921 2500 ln
1946 2435 2102 2512 Rbananl,

518 2548 721 2611 emendatione
743 2550 963 2621 acquiescentes
986 2545 1112 2607 editores
1138 2553 1361 2625 interpretantur
1388 2551 1482 2624 primo
1511 2557 1636 2625 aspeetn
1664 2547 1746 2613 bana
1774 2549 1975 2612 lneommorle:
2007 2549 2102 2614 mia„

518 2661 554 2732 (i.
574 2679 599 2722 a
621 2679 658 2724 ex
680 2677 735 2736 eo,
763 2658 842 2734 qnod
863 2658 1014 2718 Britannia
1033 2663 1106 2720 eitra
1128 2660 1316 2722 Caledoniam
1344 2677 1376 2720 re
1406 2678 1477 2720 rera
1506 2659 1640 2738 bipennis
1669 2661 1792 2724 formam
1813 2657 1915 2740 babet)
1943 2677 1980 2722 sa
2006 2662 2086 2722 lama

519 2771 555 2835 de
584 2775 723 2836 universa
750 2771 903 2832 Britannia
929 2769 1061 2832 invaluit.
1113 2768 1170 2832 sao
1199 2780 1301 2834 eontra
1326 2765 1452 2834 Waxins
1488 2774 1600 2833 monuit
1628 2772 1699 2834 baie
1727 2774 1892 2839 aantmtias
1918 2787 2099 2850 rspngnma,

517 2885 674 2962 transgredi
695 2884 833 2960 verbnm,
864 2883 942 2956 quod
961 2899 1021 2947 non
1042 2886 1099 2944 nisi
1121 2885 1161 2944 ita
1179 2885 1308 2962 diesim,
1339 2892 1372 2944 nt
1393 2889 1432 2947 sit
1452 2883 1547 2944 relicta
1577 2883 1678 2960 aliqna
1704 2902 1738 2946 re
1763 2889 1794 2944 in
1812 2883 1904 2956 aliam
1926 2880 2103 2954 &ambula

516 3012 620 3080 neque
636 3014 706 3058 vero
731 3015 768 3058 ex
789 3002 872 3074 parte
894 2997 923 3056 in
946 3001 1042 3056 totum
1061 2993 1189 3058 diiinndl
1234 2995 1320 3075 Quod
1342 3004 1376 3056 at
1396 3004 1476 3059 reeta
1498 2995 1586 3074 sidit,
1608 2999 1653 3056 ita
1673 3013 1792 3072 prorsus
1813 2993 1966 3058 inieliolter
1993 2997 2083 3050 tcm-

516 3113 630 3186 greaa'r,
653 3109 733 3184 quod
756 3112 785 3170 in
810 3106 874 3168 eorl.
897 3107 931 3169 Γ
947 3113 1004 3184 eat,
1026 3107 1174 3186 glossema
1192 3127 1254 3169 esse
1277 3117 1377 3170 masat
1398 3108 1499 3170 verbio
1518 3124 1544 3168 o.
1566 3111 1614 3166 ll.
1635 3107 1785 3186 „meimi
1808 3106 1903 3170 Galba
1925 3112 1956 3168 et
1973 3101 2085 3166 similes

515 3230 594 3298 sunt
616 3219 669 3284 ssd
691 3218 814 3292 rimante
835 3219 957 3296 originis
978 3221 1011 3277 vi
1032 3218 1253 3296 (transgressis),
1280 3237 1332 3284 aaa
1364 3253 1409 3294 —,
1424 3223 1532 3297 positio
1563 3219 1638 3283 eoeli
1668 3218 1840 3296 eorporlbna
1867 3217 2003 3281 inbrrma
2029 3213 2084 3279 de·

515 3329 579 3395 ‹lit“
599 3333 758 3408 aseriptum
781 3337 810 3392 et
831 3330 928 3392 alieno
949 3329 1015 3390 loeo
1040 3333 1070 3390 in
1092 3337 1203 3392 matum
1223 3331 1336 3394 lllatmn
1356 3331 1400 3406 (v.
1423 3347 1512 3408 snpra
1533 3348 1563 3407 p.
1587 3331 1606 3388 b
1628 3330 1697 3405 aa).
1752 3327 1841 3405 Qnorl
1862 3331 1888 3388 sl
1908 3329 1955 3386 nai
1978 3325 2104 3404 planat„

515 3442 615 3506 cenat
635 3461 696 3506 rem
718 3441 928 3504 incredibilem.
969 3441 1061 3502 Nobis
1081 3444 1165 3504 loeus
1185 3443 1242 3504 aiio
1262 3445 1348 3506 modo
1371 3442 1570 3522 expediendus
1590 3441 1715 3502 ridetur.
1760 3440 1883 3502 Rsieota
1903 3443 1983 3504 anim
2002 3437 2084 3500 liba·

513 3560 583 3618 nani
606 3561 772 3618 coniectura
793 3563 855 3614 tum
879 3563 998 3631 propter
1019 3559 1211 3634 sententiam,
1241 3553 1275 3616 de
1305 3573 1363 3634 qno
1394 3574 1483 3634 snpra
1506 3555 1736 3616 demonstratum
1757 3561 1820 3631 eat,
1847 3561 1909 3615 tam
1929 3553 2003 3626 qnia
2023 3565 2104 3612 non.

514 3671 706 3746 perspicitur,
729 3666 877 3746 quomodo
902 3687 921 3724 a
951 3669 1115 3731 terminatio
1136 3671 1167 3728 in
1190 3686 1221 3724 aa
1249 3669 1298 3730 rel
1329 3672 1352 3728 ia
1385 3667 1539 3746 depravari
1576 3669 1723 3744 potnerit,
1757 3661 1823 3726 nod.
1853 3662 1886 3726 Γ
1909 3664 2084 3742 seriptum

514 3783 688 3856 κωμικὴ
710 3782 853 3858 integram
874 3777 1028 3858 babemus,
1050 3783 1231 3855 trangressor
1250 3780 1282 3838 in
1302 3779 1367 3842 ond.
1386 3782 1419 3842 Δ
1438 3778 1584 3847 scribendi
1599 3777 1728 3854 lapsam.
1776 3772 1969 3851 Transgressus
1991 3776 2084 3839 mor·

514 3899 663 3970 preiamor
683 3891 833 3952 Romanos
856 3891 907 3952 vel
929 3894 1096 3969 quicunque
1117 3899 1269 3968 praeterea
1288 3893 1412 3955 naribm
1434 3909 1452 3956 e
1475 3892 1634 3954 rennuenti
1655 3893 1687 3948 in
1704 3888 1886 3948 Britanniam
1908 3889 2082 3963 nanagreaai

514 4013 591 4066 snnb
637 4002 735 4082 Quare
765 4003 856 4064 rerba
883 4001 954 4064 aab
979 4009 1004 4062 et
1026 4005 1055 4062 ia
1076 4002 1324 4082 anianensem
1344 4009 1382 4062 art
1402 4005 1577 4080 trangressis
1597 4002 1676 4062 bane
1697 4015 1816 4062 sensnm
1835 3995 1965 4061 baianas
1994 3997 2082 4075 nndo,

516 4118 566 4193 qni
586 4119 762 4192 transgressi
781 4123 867 4194 sunt,
899 4132 964 4176 eam
986 4117 1095 4178 lamam
1117 4114 1154 4176 ds
1177 4113 1292 4177 insulse
1311 4115 1498 4181 aimibrndms
1526 4131 1593 4176 enm
1614 4114 1734 4190 bipenni
1754 4115 1844 4174 etiarn
1862 4113 1892 4172 in
1913 4111 2083 4177 mirarum

515 4229 589 4309 (non
611 4236 724 4290 tantum
747 4227 784 4288 de
805 4236 888 4306 parte
911 4231 985 4290 eitra
1006 4226 1213 4302 Caledoniam)
1235 4229 1389 4303 acciplunt
1439 4227 1644 4304 Trmprrrrir,
1672 4241 1732 4303 qna
1761 4240 1836 4286 roos
1864 4222 1950 4287 tasilo
1972 4239 2083 4298 arma,

513 4345 545 4402 in
567 4347 703 4422 promptu
732 4349 778 4402 eat
799 4349 955 4418 propterea
975 4338 1107 4402 additum
1133 4355 1217 4417 asae,
1252 4337 1332 4414 qnod
1358 4355 1415 4400 non
1443 4342 1498 4404 nisi
1529 4339 1559 4400 bi
1588 4342 1678 4402 sitnm
1707 4337 1877 4398 Brlunnlm
1904 4351 2082 4412 moenera

514 4453 680 4530 studerem
702 4456 844 4530 namaqni
866 4457 897 4514 in
920 4455 1080 4514 continenti
1109 4459 1206 4527 erant,
1235 4467 1336 4512 eornm
1364 4467 1467 4527 pamm
1495 4457 1631 4514 intererat
1658 4453 1733 4512 seire
1761 4466 1851 4525 onam
1878 4447 2000 4510 lormam
2029 4445 2104 4518 illa,

513 4564 613 4628 insula
633 4565 762 4626 baberet

601 4679 634 4739 C.
661 4681 710 4738 ln.
755 4677 789 4738 In
812 4675 981 4737 Britannias
1002 4681 1107 4740 natura
1128 4675 1323 4738 dasenbenda
1342 4674 1477 4752 lepmrnr
1495 4675 1584 4738 base:
1613 4673 1755 4752 „Solnm,
1777 4679 1892 4750 praetor
1914 4670 2011 4732 oleam
2032 4671 2082 4728 vi-

514 4797 632 4868 temqne
654 4799 683 4852 et
704 4798 799 4852 cetera
821 4787 1009 4850 solidioribus
1031 4790 1115 4850 terris
1136 4791 1203 4848 oriri
1227 4794 1324 4864 suem,
1348 4787 1460 4866 patiano
1482 4789 1608 4866 trapam,
1622 4785 1788 4866 smerden,-
1810 4783 1893 4847 raia
1914 4786 2082 4860 want,

514 4907 573 4966 nito
595 4899 803 4980 proveniant“
849 4899 1133 4978 Quaaqnamqnam
1153 4899 1325 4978 planissima
1346 4906 1429 4976 snnt,
1459 4908 1555 4962 taman
1580 4897 1686 4960 Wexio
1708 4897 1846 4973 Prolem.
1877 4913 1907 4972 p.
1931 4894 1984 4956 99.
2005 4891 2104 4965 adeo(

513 5019 679 5096 importune
702 5017 845 5077 intrnaum
867 5015 963 5083 sianm
985 5019 1032 5074 eat
1042 5011 1191 5092 smerden
1212 5009 1401 5089 vocabulum,
1423 5017 1455 5072 nt
1475 5027 1510 5074 ao
1530 5021 1672 5088 tarrrpessrn¹
1688 5009 1874 5087 wamia
1887 5011 1981 5070 manto
2003 5015 2082 5073 strn-
