4754 6208
643 1827 688 1906 lle
723 1827 929 1926 glossematis
962 1825 1046 1901 laiso
1072 1823 1172 1902 lariti
1198 1823 1367 1923 Agricolae
1392 1825 1570 1923 inputailo.

949 2041 1258 2054 m*

316 2273 391 2392 Tria
413 2334 484 2388 sunt
503 2343 613 2403 genera
635 2327 798 2404 lectorum,
830 2344 954 2404 quorum
976 2329 1005 2388 iu
1028 2329 1153 2404 gratiam
1176 2330 1331 2404 quotannis
1354 2335 1398 2388 tot
1420 2330 1697 2407 commentationes,
1721 2325 1896 2386 sanationi-

316 2438 371 2500 bus
402 2437 550 2500 derebus
577 2437 764 2500 scholasticis
794 2438 863 2500 addi
885 2441 1005 2515 solitae,
1038 2447 1261 2516 componuntnr.
1312 2438 1440 2500 Primum
1463 2438 1552 2516 idque
1576 2438 1664 2514 louge
1687 2437 1893 2512 amplissimum

318 2557 363 2611 est
385 2566 501 2623 eorum,
534 2549 584 2623 qui
606 2547 678 2607 talia
701 2549 791 2624 plane
813 2566 872 2609 non
894 2551 1013 2627 legunt,
1044 2559 1074 2610 et
1097 2550 1135 2610 ad
1166 2567 1198 2610 se
1221 2549 1334 2626 perlata
1355 2569 1392 2611 ne
1414 2551 1558 2628 adspectu
1581 2549 1700 2626 quidem
1723 2549 1890 2624 dignantur,

316 2677 352 2721 ac
385 2675 519 2736 pronon
542 2658 804 2735 scriptiababent.
858 2660 906 2720 Ad
932 2662 1055 2722 alterum
1074 2679 1133 2724 non
1156 2666 1251 2722 miuus
1273 2679 1459 2722 numerosum
1483 2665 1503 2720 ii
1525 2664 1686 2740 pertinent,
1718 2665 1767 2735 qui
1791 2656 1893 2728 eripui

317 2771 486 2849 elegendo
514 2769 706 2830 abhorrentes
736 2772 828 2832 obiter
859 2773 977 2848 quidem
1006 2778 1183 2858 inspiciunt,
1214 2773 1267 2834 sed
1298 2773 1430 2836 celeriter
1451 2789 1620 2856 percussum
1650 2771 1779 2832 libellum
1807 2768 1893 2826 citius

316 2901 411 2959 paene
435 2882 585 2958 deponunt
606 2899 694 2958 quam
719 2888 748 2944 in
773 2901 877 2944 manus
908 2894 1103 2962 sumpserunt.
1148 2885 1233 2960 Quod
1255 2892 1389 2961 superest
1417 2886 1533 2944 tertium
1555 2900 1670 2960 genus,
1696 2899 1754 2942 non
1772 2893 1893 2938 numero

316 2994 369 3056 scd
391 2981 520 3070 pondere
543 3011 599 3054 suo
622 2995 818 3072 censendum,
843 3013 879 3056 en
899 2999 936 3058 iis
959 3005 1088 3074 constat,
1112 3001 1163 3074 qui
1183 3015 1255 3058 vero
1277 2997 1436 3056 litterarum
1454 3012 1553 3056 amore
1574 2993 1698 3071 praediti
1720 2995 1805 3054 ctiam
1826 3007 1893 3068 par·

316 3123 369 3166 vos
402 3104 533 3178 libellos,
565 3109 590 3165 si
620 3105 710 3166 modo
738 3123 799 3166 rem
827 3113 997 3170 contineant
1025 3130 1044 3170 a
1072 3111 1155 3168 bonis
1183 3110 1285 3168 litteris
1316 3123 1375 3166 uon
1400 3107 1545 3180 alienam,
1580 3108 1740 3182 cognitione
1763 3119 1822 3160 nou
1845 3104 1893 3160 in-

317 3215 422 3290 dignos
447 3215 576 3292 babent,
609 3215 771 3291 studioque
803 3235 857 3278 suo
887 3219 1032 3297 efficiunt,
1061 3237 1097 3280 ne
1125 3225 1227 3284 auctor
1256 3217 1362 3278 trustra
1384 3221 1539 3294 scripsisse
1567 3216 1711 3295 putandus
1733 3216 1781 3272 sit.
1828 3211 1893 3271 Hos

315 3328 462 3402 igiturne
484 3326 635 3400 poeniteat
665 3337 788 3390 nocuae
819 3328 933 3405 opellae
962 3329 1073 3406 aliquid
1103 3331 1240 3404 temporis
1269 3337 1358 3404 atque
1387 3329 1475 3389 studii
1506 3329 1655 3401 tribuisse,
1686 3329 1895 3398 argumentum

314 3437 481 3512 scriptionis
504 3443 602 3510 petam
632 3438 669 3498 ab
694 3455 729 3498 eo
761 3441 905 3515 opusculo
928 3442 1168 3517 praestantissimi
1197 3441 1396 3500 Romanorum
1423 3443 1594 3518 scriptoris,
1625 3451 1681 3510 quo
1714 3433 1780 3494 Iulii
1802 3434 1893 3513 Agri-

315 3549 398 3610 colae
421 3552 511 3608 vitam
534 3552 697 3623 posteritati
719 3550 854 3628 tradidit,
878 3555 921 3610 ita
941 3569 1076 3629 sperans,
1097 3554 1123 3612 si
1145 3559 1247 3612 nostra
1268 3555 1365 3612 minus
1387 3554 1559 3631 placuerint,
1581 3557 1610 3610 ct
1632 3549 1662 3606 in
1683 3545 1786 3606 Tacito
1810 3551 1887 3626 ipso,

315 3665 361 3719 cui
383 3679 402 3718 a
431 3637 688 3720 deformationibus
712 3661 888 3724 vindicando
916 3661 989 3722 baec
1011 3662 1156 3724 destinata
1177 3671 1262 3742 sunt,
1292 3669 1365 3724 satta
1388 3665 1588 3728 oblectationis
1610 3660 1713 3735 aequis
1735 3659 1886 3736 benignis·

314 3789 371 3847 que
393 3771 549 3832 lectoribus
571 3772 643 3832 iore.

465 3883 570 3944 Nititur
594 3891 694 3942 autem
718 3892 781 3944 tota
803 3884 964 3960 disputatio
986 3894 1084 3946 nosne
1106 3888 1275 3946 recensione
1297 3888 1456 3961 Agricolae
1477 3881 1618 3946 scurolo
1642 3879 1750 3940 Wexio
1774 3885 1884 3954 curam,

316 4009 391 4070 quaa
413 4011 490 4054 auno
517 3995 600 4054 1852
631 3993 749 4070 prodiit
804 3995 957 4074 Omnium,
988 4000 1036 4074 qui
1060 3997 1156 4058 Taciti
1186 4013 1275 4074 opera
1297 3995 1463 4074 ediderunt,
1494 3993 1583 4069 louge
1606 3997 1715 4069 optimc
1738 3993 1775 4052 da
1798 3991 1884 4070 Agri-

316 4104 382 4168 cola
404 4109 536 4164 meritum
560 4123 626 4166 erse
650 4105 806 4185 Wexium,
836 4127 923 4170 nemo
947 4125 1058 4184 eorum,
1083 4113 1134 4185 qrrt
1157 4107 1274 4183 quidem
1296 4106 1399 4170 harum
1420 4112 1577 4170 litterarum
1598 4107 1686 4182 periti
1708 4111 1795 4180 sont,
1824 4102 1885 4177 erit,

315 4218 365 4292 qui
387 4227 483 4292 neget.
536 4216 612 4276 Nam
643 4216 723 4294 quod
751 4223 877 4294 primum
908 4227 968 4294 est,
995 4221 1217 4280 accuratissima
1246 4219 1377 4280 codicum
1410 4219 1615 4278 Vaticanorum
1646 4215 1802 4278 collatione
1831 4211 1889 4272 sibi

315 4333 484 4402 comparata
506 4327 535 4386 id
560 4328 672 4406 allecti,
704 4338 738 4390 ut
766 4335 842 4408 iarn,
868 4332 938 4409 quid
959 4331 1067 4408 ubique
1090 4333 1118 4392 iu
1142 4331 1289 4392 veteribus
1312 4331 1392 4392 libris
1421 4329 1551 4408 legatur,
1583 4329 1711 4408 quidque
1733 4326 1769 4386 sb
1793 4322 1889 4386 edito-
1991 4351 1994 4356 ·

313 4439 394 4500 ribus
417 4437 466 4498 vel
487 4447 565 4502 recte
591 4440 796 4520 emendatum,
820 4445 867 4504 vel
888 4445 1052 4506 inconsulto
1074 4451 1233 4520 maurum,
1262 4443 1307 4514 rel
1331 4452 1438 4503 tentem
1458 4441 1570 4504 illatum
1594 4445 1647 4516 sit,
1672 4443 1748 4500 carto
1771 4438 1879 4498 sciatur

316 4547 401 4624 Quod
425 4553 525 4624 quanti
548 4554 586 4610 rit
613 4551 652 4610 ad
673 4551 779 4612 librum
803 4562 847 4616 tot
875 4555 985 4615 mendis
1007 4555 1145 4616 affectum
1166 4556 1233 4616 labe
1254 4572 1309 4616 sua
1330 4551 1529 4630 purgandum,
1560 4552 1807 4614 demonstratione
1829 4565 1889 4610 non

315 4670 397 4737 egem
427 4662 483 4720 nisi
514 4665 594 4724 anim
623 4663 791 4730 emendatio
810 4666 1041 4743 proficiscitur
1070 4672 1213 4744 acdptum
1241 4664 1371 4728 codicum
1401 4665 1576 4732 anctoritate
1601 4662 1730 4738 firmate,
1761 4677 1837 4738 quae
1859 4662 1889 4723 in

316 4770 457 4847 Agricola
479 4777 653 4850 saepissima
680 4777 887 4855 ignorabatur,
909 4779 1015 4843 turrira
1037 4779 1187 4844 laboratur
1212 4783 1242 4838 in
1264 4795 1334 4842 vera
1354 4779 1482 4841 auctoris
1504 4791 1594 4836 maun
1616 4771 1753 4832 eruenda.
1796 4771 1890 4832 Vata-

316 4899 380 4944 rum
400 4885 491 4959 igitur
511 4883 648 4949 librorum
668 4892 837 4952 emanuel
860 4893 908 4952 vis
936 4900 965 4952 et
985 4894 1098 4954 rabone
1120 4892 1257 4954 maistam
1279 4887 1399 4950 Wanius
1430 4903 1490 4948 non
1510 4887 1605 4948 solnm
1633 4882 1773 4959 plurimas
1800 4881 1889 4947 tabat

240 4975 245 4984 ¹
315 4992 475 5075 ludiones,
504 5013 565 5060 uon
585 4997 742 5064 munibus
772 5001 826 5066 sed
847 4999 992 5066 aditorum
1016 5003 1130 5066 libidini
1158 5001 1288 5079 debitas,
1315 5000 1448 5076 imcutit,
1483 4997 1537 5071 rad
1563 4997 1651 5056 mam
1673 5003 1810 5056 sarmata
1832 4994 1888 5052 lin·

1459 5114 1471 5169 ¹
1498 5111 1514 5147 U
