4754 6208
1255 1002 1304 1080 lt

490 1225 624 1282 lunetura
650 1225 734 1281 iuxta
763 1217 932 1297 collocavit,
959 1237 1007 1282 res
1035 1218 1203 1298 simpliciter
1230 1223 1400 1282 nominasse
1428 1228 1601 1298 contentus,
1630 1239 1726 1300 noque
1756 1225 1896 1282 untionis
1925 1223 2056 1285 membra

493 1330 644 1412 particulis
665 1334 807 1392 uiueiens.
851 1328 1018 1394 Sententiae
1040 1336 1118 1392 eninr
1140 1337 1182 1394 ita
1203 1336 1278 1394 inter
1298 1351 1331 1394 se
1352 1349 1447 1393 nexae
1469 1340 1551 1392 sunt:
1574 1331 1733 1410 Agrieolse
1755 1349 1825 1394 eure
1846 1333 1973 1396 &mani
1996 1351 2056 1398 non

492 1443 591 1506 solum
610 1442 684 1504 nihil
703 1444 773 1505 muli
792 1443 830 1504 ah
852 1441 983 1506 hostibus
1001 1444 1205 1522 oriebantur,
1234 1444 1315 1502 rulth
1344 1444 1461 1504 emieitis
1488 1449 1671 1522 expugnetis,
1701 1441 1754 1504 sed
1783 1444 1859 1505 adeo
1889 1447 1970 1508 mala
1998 1447 2056 1510 illis

490 1556 674 1633 inierebsnt,
697 1556 794 1614 estrei
816 1555 994 1633 ereptionibus
1005 1557 1101 1636 seetr'r.
1146 1553 1234 1632 Quod
1256 1554 1404 1633 quomodo
1422 1555 1485 1616 lieri
1506 1559 1648 1632 pomerii,
1669 1557 1862 1632 sequentihus
1883 1557 2055 1639 illustretur,

491 1685 616 1746 quorum
639 1671 786 1728 sententia
806 1666 881 1728 hese
901 1673 958 1726 eet:
985 1671 1084 1746 quippe
1113 1667 1152 1726 od
1180 1667 1349 1726 αἰατίιαῑω
1375 1665 1733 1744 praemisissemus,
1762 1671 1857 1746 ooplis
1886 1672 1916 1730 in
1947 1689 2056 1732 annum

488 1785 624 1861 provisis.

646 1891 755 1952 c.-24.
781 1894 810 1950 in
833 1890 992 1950 Hiberniae
1017 1891 1208 1968 descriptione
1237 1887 1312 1950 baee
1339 1889 1489 1967 leguntur:
1533 1886 1657 1965 „Solum
1686 1889 1860 1967 eoelumque
1886 1900 1916 1952 et
1937 1895 2057 1971 ingenis

490 2005 648 2080 eultusque
670 2002 821 2063 homiuum
842 2001 922 2062 hand
942 2002 1063 2064 mulhsrn
1085 2023 1104 2064 a
1125 2004 1278 2064 Britannia
1299 2001 1393 2062 differt
1412 2005 1442 2060 ie
1462 1999 1584 2059 seireff
1630 2000 1708 2077 Quid
1729 2001 1787 2062 sibi
1811 2001 1881 2063 velit
1901 2007 1931 2061 is
1952 2005 2054 2080 melius,

489 2116 616 2178 Wexioa
639 2113 773 2192 Prolegg.
803 2132 832 2190 p.
858 2113 1004 2175 18259.
1031 2131 1061 2175 se
1090 2115 1234 2193 dispicere
1261 2130 1320 2174 non
1349 2129 1438 2190 posse
1467 2117 1525 2190 ait,
1555 2127 1647 2188 quum
1677 2117 1824 2176 euunoisti
1853 2113 2055 2194 praediesturn

418 2289 420 2297 s
493 2227 589 2307 „baed
611 2226 722 2288 multon
741 2225 849 2304 epesi
881 2234 940 2286 tam
969 2223 1083 2303 plenum
1114 2231 1145 2286 et
1171 2224 1372 2300 solidemur,
1397 2235 1432 2286 ut
1452 2224 1707 2286 aliasdverhiells
1729 2228 1842 2286 nonde
1864 2225 1946 2286 nullo
1968 2233 2055 2304 paeto

495 2341 583 2403 adiiei
614 2338 716 2416 possit.
760 2335 828 2396 lion
858 2335 971 2398 dubitet
998 2339 1098 2414 igitur,
1129 2337 1254 2399 ooniisus
1277 2337 1402 2400 artifieio
1424 2354 1443 2397 a
1465 2355 1499 2398 se
1520 2345 1651 2414 reperto,
1683 2339 1754 2413 quin
1781 2338 1873 2398 rerba
1901 2355 1974 2400 ase
1995 2354 2055 2400 non
2184 2347 2187 2352 ’

482 2452 642 2514 treberis
669 2451 764 2526 primo
793 2465 819 2509 o.
839 2450 891 2508 eb.
921 2453 1042 2511 extremi
1070 2454 1191 2528 margini
1218 2453 1346 2526 meipsa
1373 2449 1480 2510 luerint
1506 2449 1545 2508 ad
1567 2449 1744 2526 explieande
1763 2465 1820 2528 ea,
1853 2467 1930 2526 quae
1957 2451 1998 2510 ibl
2025 2455 2055 2510 iu

482 2563 650 2641 *hyloolse
678 2560 803 2622 oonsilio
830 2569 931 2622 eontra
956 2561 1067 2622 hostes.
1091 2565 1162 2624 inito
1194 2579 1254 2624 non
1283 2565 1355 2622 setis
1381 2564 1535 2637 persplous
1562 2561 1748 2638 ridereumr3
1788 2561 1896 2624 deinde
1917 2562 2054 2640 *aliquam

490 2675 577 2738 huius
599 2673 717 2752 glossae
738 2682 851 2751 partem
872 2673 920 2745 (ie
940 2673 1049 2748 wer)
1072 2671 1165 2736 eliano
1186 2677 1252 2736 loeo
1271 2676 1301 2733 in
1318 2690 1342 2734 e
1367 2674 1589 2750 eeirrepaisee.
1640 2673 1724 2733 Haeo
1747 2673 1895 2750 quomodo
1916 2674 1978 2734 lieri
2000 2691 2056 2751 po·

492 2791 609 2866 mantnt,
633 2793 686 2847 aut
707 2802 797 2863 quam
818 2785 1037 2862 probabilitatis
1060 2790 1183 2861 speeiem
1200 2785 1343 2864 habeant,
1369 2788 1523 2860 contortis,
1546 2785 1675 2845 eoniusia
1693 2791 1783 2864 etque
1806 2786 1939 2847 obscuris
1958 2789 2057 2846 omnl-

483 2901 560 2978 .bus,
580 2896 718 2976 equidem
731 2898 825 2958 multo
835 2901 934 2956 minus
955 2895 1095 2974 intelligo,
1115 2911 1201 2971 quam
1215 2897 1339 2960 Wexius
1360 2897 1501 2975 vulgatae
1520 2900 1681 2972 seripturee
1699 2915 1819 2960 sensum
1837 2917 1897 2958 non
1916 2898 2053 2976 dispexit,

493 3014 546 3092 qni
568 3011 688 3072 minime
708 3009 877 3072 reoouditue
900 3016 954 3070 est.
997 3008 1073 3068 liam
1094 3011 1121 3068 sl
1141 3025 1213 3085 quas
1235 3029 1283 3074 res
1303 3025 1361 3070 non
1383 3025 1471 3088 pares
1495 3025 1570 3087 esse,
1593 3009 1646 3068 sed
1665 3014 1743 3070 inter
1763 3025 1796 3070 se
1819 3009 1932 3072 differre
1951 3010 2054 3072 doun·

484 3133 555 3203 tur,
572 3121 700 3183 'duobus
719 3121 751 3181 id
772 3130 872 3198 potest
891 3121 953 3182 ilari
977 3120 1091 3198 modis,
1119 3128 1171 3180 aut
1186 3127 1238 3201 ita,
1261 3131 1295 3185 nt
1315 3139 1375 3182 ena
1395 3137 1441 3182 res
1462 3119 1548 3212 alteri
1568 3127 1707 3199 praestet,
1729 3130 1782 3182 aut
1804 3131 1840 3182 ut
1856 3129 1897 3184 eit
1917 3125 2054 3198 inierior;

483 3239 514 3298 ei
535 3240 683 3314 praestat,
712 3233 801 3312 opert
818 3237 848 3290 ire
868 3233 979 3304 seties,
1008 3237 1054 3292 sin
1070 3232 1196 3292 -inlerlor
1214 3243 1274 3311 eet,
1304 3234 1394 3312 differi
1418 3237 1447 3292 ie
1474 3233 1598 3292 derides.
1641 3233 1705 3293 Iarn
1726 3249 1818 3310 quem
1840 3233 1964 3295 l’aoitus
1985 3233 2055 3294 dioit

486 3347 639 3411 Hiberniae
663 3345 747 3416 redeas
768 3344 918 3424 mdessque
940 3344 1015 3404 ime
1036 3345 1148 3402 modun
1168 3361 1187 3401 o
1208 3344 1355 3405 Bremia
1374 3344 1481 3423 dulim
1499 3348 1530 3402 ie
1550 3344 1654 3416 meme,
1675 3359 1782 3404 missus
1803 3351 1864 3406 est:
1894 3343 2055 3404 monem

486 3458 688 3536 selo-coeloque
703 3458 788 3538 fere
804 3473 898 3535 peresa
920 3475 974 3513 esee
996 3453 1171 3527 Brstermios,
1189 3459 1235 3515 red
1252 3465 1339 3516 testea
1357 3456 1445 3535 puuto
1465 3456 1604 3516 uiuae
1636 3455 1729 3516 Vides
1746 3458 1846 3532 igitur,
1867 3471 1957 3533 quain
1974 3464 2055 3518 reete

487 3571 701 3656 praedicaturo·
715 3568 791 3628 head
810 3567 921 3626 muttum
942 3565 1032 3646 differt
1053 3583 1133 3628 nova
1154 3567 1313 3630 adverbiali
1332 3573 1482 3629 notatione
1504 3567 1672 3646 deliniatur,
1701 3567 1780 3645 qnod
1800 3568 1863 3628 fleri
1884 3583 1973 3646 posse
1994 3577 2054 3628 tanr

489 3683 660 3762 praehaete.
677 3689 766 3758 negat
790 3679 923 3740 Wexius.
966 3677 1070 3756 Neque
1100 3697 1159 3740 non
1189 3684 1321 3757 congruit
1345 3697 1391 3740 res
1411 3685 1477 3757 ipsa
1497 3690 1587 3757 sique
1608 3687 1720 3740 natura.
1765 3679 1838 3757 Quis
1856 3684 1937 3740 enirn
1961 3683 2054 3742 neeoit

486 3793 580 3856 ,hodie
611 3809 730 3870 quoque
760 3791 934 3852 Hiberniam
963 3807 1099 3869 aprorum
1128 3793 1274 3854 fertilitate
1297 3801 1386 3869 atque
1414 3808 1591 3867 paeeuorurn
1623 3791 1770 3852 viriditate
1802 3805 1869 3852 euru
1903 3792 2055 3853 Britannia

487 3905 622 3971 eamne?
1009 3921 1011 3928 ’

640 4015 674 4078 G.
698 4012 750 4077 et.
772 4015 954 4075 irroratione
976 4013 1134 4089 Agricolae
1153 4013 1192 4073 sd
1215 4013 1320 4076 milltes
1338 4025 1406 4076 ente
1430 4031 1559 4092 pugnam
1582 4015 1620 4075 ad
1641 4015 1805 4093 Graupium
1832 4023 1960 4076 montem
1984 4023 2053 4076 sunt

488 4130 579 4191 hee:
623 4127 788 4206 „Reliquus
810 4134 857 4186 est
877 4142 1014 4186 numerus
1036 4130 1208 4202 ignavorum
1228 4133 1258 4186 et
1277 4131 1473 4188 metuentium.
1522 4125 1606 4202 Quos
1632 4128 1712 4203 quod
1734 4128 1860 4190 'moden
1889 4129 2051 4204 invenistis,

488 4261 549 4304 non
571 4243 756 4316 restiterunt,
782 4237 836 4300 sed
859 4237 1033 4315 deprehensi
1053 4245 1131 4298 eunt.
1175 4237 1359 4298 Novissime
1387 4255 1435 4300 res
1462 4244 1488 4296 st
1510 4247 1640 4300 extremo
1669 4249 1751 4300 metu
1782 4255 1904 4318 eorpora
1926 4239 2051 4300 defluere

487 4358 573 4414 nahe
594 4356 623 4412 in
645 4351 692 4412 his
713 4355 860 4427 vestigiis,
879 4349 1041 4428 inquibus
1063 4348 1268 4428 poiehrameo
1289 4351 1478 4426 spectabilem
1497 4355 1650 4412 vietoriam
1672 4349 1827 4412 ederetis.“
1872 4352 2052 4430 hisgnopere

487 4464 538 4526 hie
559 4465 643 4526 loeus
664 4466 782 4526 oritioos
803 4472 833 4524 et
852 4467 1025 4539 interpretes
1053 4465 1158 4532 torsit,
1185 4477 1308 4537 qnorum
1330 4459 1365 4520 de
1387 4471 1513 4525 extima
1533 4464 1657 4540 periodo
1675 4471 1841 4524 eommonta
1862 4471 1999 4524 exuetere
2022 4471 2052 4524 ei

487 4575 661 4654 redsrguere
683 4575 831 4650 nolemus,
854 4591 946 4651 quum
968 4573 1102 4634 eodieunr
1124 4576 1284 4651 seriptum,
1313 4589 1399 4649 quan
1419 4576 1616 4650 exhibuimus,
1636 4578 1821 4650 inmeritus
1839 4578 1886 4636 sit.
1930 4575 1997 4652 Qua
2018 4581 2052 4638 ut

487 4687 676 4764 offenderent,
698 4705 735 4749 eo
753 4690 861 4748 iseum
884 4694 938 4760 est,
959 4686 1043 4764 qood
1059 4686 1414 4749 nen-meisattendermt
1432 4691 1470 4748 ad
1491 4687 1667 4765 peculiarem
1685 4687 1780 4748 'lbeitl
1803 4685 1918 4747 dicendi
1940 4702 2051 4748 merem

487 4801 517 4861 le
540 4801 560 4860 l.
576 4802 709 4860 unuime
730 4801 932 4876 eonspienum.
976 4797 1060 4860 solet
1086 4801 1181 4877 enlm,
1208 4815 1271 4874 quo
1291 4815 1310 4856 a
1331 4797 1442 4874 rrdpsri
1464 4799 1582 4862 dicendi
1608 4797 1819 4862 oonsnetudins
1839 4798 1975 4875 reeedue,
2008 4802 2052 4860 lta

488 4915 631 4974 orationis
649 4913 771 4972 sormam
792 4916 962 4989 immutare,
985 4919 1032 4989 ut,
1054 4909 1136 4988 qaod
1155 4911 1287 4970 etiaim·
1303 4913 1362 4970 νὴ
1382 4916 1413 4970 in
1432 4915 1590 4974 euuneieto
1604 4911 1716 4974 habere
1737 4909 1881 4988 debebat,
1903 4909 2051 4970 eudemum

487 5025 595 5102 tentate
625 5026 663 5086 et
684 5039 710 5085 e.
733 5023 762 5084 6.
808 5022 897 5098 „Sere
927 5029 1101 5100 summe
1128 5023 1312 5099 promotum
1331 5022 1433 5088 niam
1454 5053 1496 5072 -
1516 5021 1634 5102 eadsi,
1655 5027 1677 5084 i.
1699 5039 1729 5085 e.
1748 5028 1818 5081 ests
1839 5025 1870 5082 in
1891 5031 2051 5100 quaestu
